2400 3939
864 209 913 274 ὗ.
951 205 1032 263 ΙΙ.
1070 196 1236 263 Glos.
1276 199 1354 261 V.
2056 215 2162 285 389

90 312 156 352 379
220 290 388 343 Hincque
411 294 684 342 (confirmando
704 293 805 335 haec,
831 305 914 342 qnae
937 306 1059 330 contra
1078 308 1144 329 am·
1195 304 1250 346 tur
1273 294 1373 328 etiarn
1403 293 1437 327 in
1469 292 1639 347 solutione
1664 292 1780 349 denno
1805 287 1981 349 protestari
2006 311 2019 344 ς
2052 303 2132 335 alias
2153 327 2164 344 ,

170 342 366 389 pliationem
392 343 492 384 dixi,
520 343 701 389 praesertim
737 342 768 376 in
803 343 872 377 hoc
910 344 1012 378 tertio
1044 355 1145 389 argu·
1191 342 1262 423 ἰξῖις
1303 354 1371 377 non
1403 342 1537 377 servatis
1566 370 1575 386 ,
1613 355 1808 390 acceptatio
1843 349 2046 394 intelligitur
2077 349 2162 384 {aea

1206 401 1214 422 i
1241 401 1306 424 ere.

170 401 286 426 mento
311 393 329 437 )
357 390 538 438 suscipiens
567 391 757 425 mandatum
786 390 1013 436 fidejubendo
1041 418 1050 431 ‚
1074 403 1143 426 non

476 440 480 443 ⁷
1241 437 1450 473 Subdeclara
1476 438 1562 474 hanc
1586 438 1868 482 declarationem,
1895 452 1934 476 ut
1960 444 2036 479 liaec
2052 444 2157 480 forma
2177 451 2242 497 386

168 439 282 485 potest
314 450 423 474 emere
449 449 592 486 pignora
623 438 788 473 debitoris
813 439 831 472 ὰ
862 438 1034 474 creditore
1058 466 1067 479 ‚
1099 439 1138 472 li-

16 608 20 692 !
83 635 150 684 380
164 627 210 663 de
237 640 348 676 rupta.
377 632 515 679 Salycet.
544 631 600 666 ubi
615 633 735 679 supra.
761 634 786 677 †

67 1701 133 1747 383

65 1990 133 2036 384

167 497 224 520 cet
245 497 283 520 ea
307 487 465 532 potuiilet
491 498 600 521 emere
621 513 630 528 ‚
654 486 675 519 fi
699 499 766 520 non
789 485 977 533 suscepillet
1001 487 1136 521 manda-

167 542 241 567 tum
270 533 314 568 de
341 534 564 581 fidejubendo
588 561 598 575 ,
628 535 704 568 Bal.
733 535 767 572 (ἓν
791 536 900 582 Salyc.
925 535 979 568 ubi
997 537 1073 581 sup.
1101 537 1135 570 δε

166 581 312 618 emendo
327 609 338 624 ‚
367 582 469 617 debet
491 595 528 618 ea
552 583 749 624 restituere,
776 583 854 616 alias
879 593 1015 617 tenetur
1035 583 1079 617 de
1097 582 1135 616 fi-

813 631 908 665 Hinc
934 630 1029 665 etiarn
1050 632 1096 665 est
1122 658 1133 672 ,

163 678 264 724 quod
292 679 565 724 procurator'ad
593 679 771 714 emendum
796 706 807 720 ‚
834 680 856 713 fi
884 690 968 714 emat
999 679 1134 714 nomine

162 727 303 773 proprio
320 752 330 768 ‚
356 738 431 762 cum
455 738 626 764 teneretur
641 738 751 761 emere
775 728 908 762 nomine
924 727 1057 768 alieno,
1084 738 1132 762 te-

161 784 260 809 netur
286 774 330 808 de
352 774 422 810 fide
444 787 544 823 rupta
569 802 579 816 ‚
611 777 689 810 Nic.
721 778 849 810 Moron.
875 777 970 810 trafl.
997 776 1038 809 de
1062 775 1130 820 fid.

162 831 246 870 treg.
270 824 394 872 &patu
413 835 442 870 q.
463 835 515 877 ty.
533 837 618 858 num.
639 836 668 868 3.
684 834 758 857 tom.
786 838 797 858 1
811 837 838 859 i.
852 835 966 872 pam.
979 824 1127 871 sol.420.

81 879 144 928 38¹
161 870 189 916 †
204 917 211 922 ὓ
225 869 270 906 Et
297 871 522 907 mandatarius
537 899 547 913 ,
576 872 720 907 emendo
743 872 874 907 servum
902 883 1036 906 nomine
1053 883 1131 918 pro-

161 928 237 964 prio
257 945 268 960 ,
297 919 442 954 efficitur
468 921 606 969 quidem
635 920 793 955 dominus
819 920 902 955 servi
926 947 934 960 ‚
960 919 1015 953 sed
1036 930 1130 955 tene-

160 976 217 1000 tur
240 966 379 1002 crimine
402 968 612 1004 stellionatus
636 996 645 1012 ,
671 968 751 1014 quia
782 969 927 1003 efficitur
960 967 1089 1002 infamis
1117 995 1127 1009 ‚

159 1015 238 1050 Bal.
263 1018 295 1050 in
319 1017 343 1050 l.
356 1018 557 1064 foelicrffima
581 1020 617 1052 in
636 1019 741 1066 princ.
755 1019 796 1051 ·C.
821 1018 864 1052 de
886 1017 937 1050 his
958 1018 1012 1063 qui
1030 1017 1050 1050 ἀ
1069 1028 1128 1051 non

143 1063 246 1101 dom,
277 1077 418 1099 manum.

209 1112 348 1158 Amplia
379 1113 482 1148 tertio
502 1140 511 1154 ‚
544 1124 584 1149 ut
612 1126 681 1148 non
708 1112 813 1149 solum
838 1113 890 1153 is,
920 1113 975 1149 cui
1003 1112 1126 1148 litterae

158 1160 281 1195 cambii
302 1160 377 1195 sunt
395 1161 533 1197 direstae
547 1188 556 1202 ‚
581 1161 678 1208 possit
699 1174 753 1196 eas
771 1161 900 1196 solvere
924 1161 1021 1208 super
1048 1174 1126 1207 pro-

157 1207 280 1242 tessum
307 1234 318 1250 ‚
350 1218 389 1242 ut
413 1209 590 1258 hucusque
615 1211 752 1246 locutus
776 1210 844 1244 sum
867 1237 876 1252 ‚
905 1210 961 1244 sed
985 1221 1027 1243 eo
1056 1221 1123 1244 non

155 1254 314 1291 solvente
334 1282 344 1297 ,
377 1257 474 1302 poffit
500 1258 617 1293 tertius
644 1270 698 1293 eas
727 1259 857 1293 solvere
886 1258 985 1305 super
1009 1269 1123 1302 prote-

154 1304 241 1339 ssum
259 1329 270 1346 ,
300 1306 333 1339 ὅ(
359 1303 490 1340 honore
519 1306 704 1341 litterarum
726 1333 736 1349 ‚
767 1304 804 1341 ut
834 1308 918 1341 bene
947 1307 1124 1354 colligitur

129 1354 134 1358 '
155 1363 196 1386 ex
213 1352 435 1399 dispositione
461 1355 687 1400 capitulorum
714 1356 935 1390 nundinatum
961 1356 1122 1389 Genueu-

154 1399 238 1434 sium
258 1427 267 1440 ‚
292 1411 403 1446 nu.35.
426 1405 459 1436 in
481 1404 552 1437 illis
569 1403 682 1437 verbis
699 1415 711 1446 3
726 1404 782 1437 che
796 1404 847 1448 fia
867 1404 962 1437 lecito
983 1404 1001 1438 ὰ
1026 1406 1078 1436 cui
1098 1404 1124 1444 fi

154 1449 270 1497 voglia
291 1460 402 1502 pagar
413 1452 516 1497 sopra
539 1451 685 1497 protesto.
710 1453 742 1485 δ(
768 1453 853 1486 ratio
874 1450 920 1485 est
954 1451 1091 1485 evidens
1109 1477 1119 1491 ,

155 1499 236 1544 quia
257 1497 377 1532 militat
397 1499 512 1532 eadem
535 1500 621 1533 ratio
637 1525 646 1537 ,
669 1511 709 1532 ne
733 1500 856 1534 litterae
880 1498 1017 1533 redeant
1041 1511 1118 1532 cum

151 1545 305 1590 proteflu
322 1573 330 1585 ,
352 1546 385 1579 in
400 1546 557 1581 damnum
576 1547 746 1581 scribentis
764 1561 774 1590 3
791 1550 824 1582 dc
843 1548 910 1581 hoc
926 1559 1119 1593 congruere

151 1603 230 1628 cum
257 1593 476 1640 dispositione
496 1596 578 1640 juris
595 1622 605 1636 ‚
630 1595 743 1630 scribit
768 1599 837 1630 Rot.
865 1596 944 1632 Gen.
961 1596 1032 1630 dcc.
1062 1609 1115 1641 3²·

151 1653 224 1675 cum
249 1644 338 1676 alius
357 1645 389 1676 in
405 1643 470 1685 fine
490 1647 578 1677 initn'
596 1670 606 1684 ‚
633 1645 667 1680 (ς’
694 1656 762 1680 n.1.
781 1648 815 1680 (φ’
840 1657 871 1677 2.

200 1690 337 1736 Amplia
361 1702 484 1737 quarto
508 1719 516 1733 ‚
550 1703 587 1726 ut
611 1691 741 1727 solvens
766 1692 864 1738 super
894 1692 1078 1737 protestum
1104 1717 1115 1732 ‚

150 1736 304 1785 ideoque
315 1739 493 1787 acquirens
509 1739 672 1774 actionem
690 1740 802 1774 utilem
818 1740 1039 1787 negotiorum
1056 1751 1114 1787 ge-

148 1785 279 1820 storum
298 1798 418 1822 contra
439 1787 636 1823 scribentem
657 1788 786 1823 litteras
804 1816 811 1829 ,
845 1801 882 1823 ut
908 1788 976 1823 dixi
1001 1789 1059 1823 sol.
1083 1801 1114 1823 n.

151 1835 231 1878 364,
248 1835 283 1871 ό
297 1837 374 1880 365.
390 1835 487 1882 pollit
507 1837 645 1871 eandem
660 1836 821 1871 astionem
835 1837 1024 1884 requisitam
1043 1836 1113 1870 aliis

147 1882 322 1917 refleftere
347 1885 381 1918 δε
403 1885 536 1919 cedere.
562 1889 636 1922 Ror.
662 1885 805 1919 Genuen.
832 1888 866 1920 d.
884 1887 1016 1930 dec.32.
1042 1898 1113 1920 cum

146 1930 314 1978 aliassub
329 1944 397 1966 n.2.
419 1935 454 1968 (9'
475 1946 504 1978 3.

195 1978 342 2014 Declara
365 1980 471 2025 primo
495 1980 633 2015 eandem
659 1981 909 2017 conclusionem
924 2009 932 2021 ,
950 1980 1111 2016 firmatam

141 2028 245 2074 supra
265 2031 433 2073 num.364.
456 2030 489 2065 tf)
516 2041 595 2075 374.
621 2040 659 2063 ut
682 2030 866 2064 litterarum
893 2030 1085 2075 acceptatio
1102 2057 1110 2071 ‚

103 2087 109 2093 ⁴
145 2076 179 2109 &
204 2075 330 2111 solutio
358 2077 491 2111 dicatur
513 2076 597 2111 facta
620 2077 723 2112 libere
742 2104 751 2118 ‚
774 2079 807 2112 ὅ(
831 2091 899 2113 non
919 2078 1015 2124 super
1033 2091 1110 2124 pro-

143 2122 289 2165 testum,
318 2125 458 2171 quando
477 2125 509 2159 in
536 2125 676 2171 ipsarum
699 2127 884 2161 litterarum
902 2126 1003 2161 dorso
1021 2153 1031 2167 ,
1053 2127 1110 2160 seu

141 2171 204 2206 alia
218 2183 314 2218 parte
329 2174 356 2207 is
370 2200 380 2213 ‚
395 2173 456 2220 qui
471 2186 526 2208 eas
546 2174 590 2208 lic
604 2184 762 2220 acceptat
777 2174 832 2209 sua
846 2185 943 2209 manu
962 2174 1087 2221 scripsit
1099 2201 1109 2216 ‚

140 2231 315 2267 acceptata
328 2223 431 2270 super
453 2223 624 2269 protestum
646 2249 655 2263 ,
684 2224 718 2257 ὅ(
740 2224 854 2269 postea
881 2223 914 2257 in
938 2221 1110 2257 solutione

142 2269 322 2303 earundem
346 2270 530 2305 litterarum
559 2270 836 2317 protestationem
862 2283 930 2306 non
953 2270 1075 2317 repetit
1096 2284 1109 2315 3

141 2315 223 2364 quia
246 2327 329 2352 tunc
354 2317 518 2352 solvendo
535 2318 727 2365 simpliciter
742 2346 750 2360 ‚
770 2318 905 2354 videtur
926 2330 984 2364 per
998 2319 1107 2353 astum

140 2366 346 2400 contrarium
375 2365 534 2401 reeeffii'se
561 2367 580 2401 a
606 2367 850 2413 protestatione
876 2394 885 2408 ‚
918 2367 952 2402 dc
978 2366 1109 2402 solvisse

140 2412 237 2459 juxta
266 2412 406 2448 formam
437 2416 622 2450 litterarum
644 2414 764 2449 cambii
792 2441 801 2456 ,
830 2427 899 2450 non
929 2415 1107 2451 retinendo

140 2461 328 2508 obligatum
356 2462 553 2497 scribentem
582 2490 590 2502 ,
615 2462 670 2497 sed
701 2475 777 2497 eum
802 2489 812 2503 ‚
838 2475 940 2510 quem
966 2463 1109 2498 scribens

141 2509 315 2556 delegavit
341 2509 373 2545 in
400 2511 521 2546 litteris
541 2511 662 2546 cambii
681 2538 690 2552 ‚
722 2511 874 2555 ideoque
895 2511 917 2545 fi
941 2512 995 2546 ille
1017 2512 1108 2546 dele-

142 2568 244 2604 gatus
268 2558 446 2594 decoxerit
472 2586 482 2600 ,
513 2560 567 2595 vel
590 2561 685 2594 aliter
713 2559 751 2595 fit
782 2559 921 2595 effectus
947 2571 1014 2595 non
1045 2560 1111 2594 sol-

143 2605 258 2641 vendo
277 2632 288 2648 ,
313 2607 493 2654 regressum
519 2620 585 2642 non
615 2608 716 2642 habet
741 2619 860 2644 contra
883 2607 1079 2643 scribentem
1099 2636 1108 2650 ,

142 2656 218 2691 Ros.
243 2654 386 2689 Genuen.
406 2656 478 2690 dec.
505 2658 538 2689 6.
560 2658 700 2692 Ioannes
718 2682 728 2697 ‚
757 2661 872 2703 versus
893 2657 988 2697 finem
1013 2683 1022 2698 ‚
1043 2658 1110 2705 sub

61 2717 127 2764 3⁸5
143 2700 229 2739 num.
249 2714 305 2738 20.
327 2703 374 2737 ibi
390 2729 399 2743 ,
426 2704 460 2738 δε
482 2703 526 2738 fic
550 2705 721 2739 communi
749 2715 836 2740 voto
863 2705 970 2740 Rotae
991 2731 1000 2746 ‚
1026 2707 1052 2751 †
1076 2707 1110 2740 δε

143 2751 226 2798 quia
253 2750 314 2784 iste
345 2751 438 2785 casus
465 2751 530 2787 fuit
562 2753 702 2788 multum
729 2753 971 2788 controversus
997 2778 1006 2794 ‚
1033 2765 1110 2789 cum

141 2797 225 2834 hinc
248 2797 330 2833 inde
350 2799 451 2835 essent
475 2799 571 2847 super
600 2800 848 2836 consuetudine
871 2801 1043 2836 examinati
1064 2812 1111 2837 te-

139 2846 227 2889 stes,
255 2857 403 2893 quorum
425 2848 582 2894 produsti
606 2850 648 2883 ab
672 2861 714 2883 eo
742 2850 801 2897 qui
824 2847 993 2889 solverat,
1016 2849 1109 2889 dice-

138 2895 220 2930 bant
234 2894 386 2930 sufficere
405 2906 537 2931 unicam
558 2898 835 2942 protestationem
855 2923 864 2938 ,
886 2899 919 2931 ὅ(
934 2897 995 2942 qui
1012 2907 1107 2932 erant

138 2943 298 2989 produsti
317 2945 360 2977 ab
384 2955 427 2978 eo
452 2945 513 2993 qui
540 2944 709 2991 scripserat
735 2945 859 2980 litteras
881 2945 1000 2979 cambii
1027 2973 1036 2987 ,
1069 2955 1108 2980 ut

138 2989 286 3026 solveret
300 2991 457 3027 dicebant
477 2993 603 3041 requiri
624 2994 793 3039 duplicem
810 2993 1083 3038 protestationem
1096 3020 1106 3034 ‚

138 3048 178 3074 ut
198 3039 345 3074 recenset
366 3040 443 3074 ead.
465 3042 538 3076 Rot.
554 3042 587 3076 d.
609 3041 790 3087 dec.6.sub
805 3053 950 3085 num.i3.
971 3043 1004 3076 ὃς
1029 3053 1105 3076 cum

136 3084 321 3133 superesset
346 3088 401 3122 illa
424 3087 604 3123 difficultas
627 3089 659 3122 in
683 3090 759 3134 jure
778 3115 786 3127 ,
809 3101 849 3122 an
876 3101 942 3123 non
965 3100 1106 3135 repetita

137 3135 411 3182 protestatione3
428 3148 540 3185 neque
563 3138 595 3170 in
622 3137 867 3183 protestatione
884 3137 976 3172 dieto
996 3164 1006 3177 ,
1029 3149 1105 3184 pro-

124 3183 234 3227 'testor
259 3184 344 3231 quod
359 3184 390 3232 fi
399 3185 535 3230 solvero
549 3212 557 3226 ‚
568 3187 705 3233 solvam
716 3187 817 3231 firper
832 3185 1003 3232 pratellum
1026 3197 1102 3219 cen-

139 3229 249 3266 seatur
262 3233 303 3266 ab
321 3243 359 3266 ea
380 3231 540 3267 recessum
554 3260 563 3274 ‚
587 3243 626 3267 ut
650 3233 759 3267 tenuit
783 3235 854 3267 Ror.
876 3233 910 3266 d.
927 3233 1035 3269 dec.6.
1049 3247 1102 3268 nu.

144 3291 174 3313 1.
192 3282 226 3313 in
243 3280 298 3320 fin.
319 3293 351 3314 2.
378 3282 414 3317 (θ’
437 3292 468 3325 3.
494 3293 535 3314 an
560 3293 640 3315 vero
662 3281 787 3316 solutio
807 3307 816 3321 ,
842 3280 1033 3327 fimpliciter
1053 3281 1102 3316 sa-

138 3325 191 3361 sta
205 3354 216 3369 ‚
240 3329 279 3363 fit
293 3328 543 3374 interpretanda
563 3328 746 3365 secundum
765 3327 890 3363 sensum
914 3329 1102 3374 protestan-

137 3375 203 3417 tis,
232 3387 272 3412 ut
297 3377 525 3411 motivabatur
547 3377 580 3411 in
599 3378 675 3412 ead.
693 3378 802 3412 dec.6.
821 3388 933 3411 n.10.i
947 3390 974 3411 ι.
991 3379 1026 3415 (9⁶
1047 3390 1098 3412 12.

134 3421 268 3460 idcirce>
292 3425 451 3462 statutum
476 3425 617 3459 Genuen.
638 3425 731 3467 lib.4.
745 3436 817 3472 cap.
838 3437 889 3467 ¹⁴·
913 3427 943 3471 §.
961 3429 1016 3471 qui
1041 3439 1096 3461 vo-

134 3470 246 3507 luerit.
279 3472 431 3508 secutum
459 3472 579 3507 distam
604 3472 806 3508 decifionem
827 3499 837 3514 ‚
862 3474 897 3507 δι
924 3473 1099 3509 obviando

134 3517 219 3555 dolo
247 3521 282 3556 &
306 3520 416 3556 fraudi
439 3547 450 3561 ‚
480 3520 617 3554 uberius
639 3521 790 3567 providit
814 3547 823 3561 ,
848 3520 946 3568 quod
973 3533 1094 3568 accep-

134 3575 207 3601 tans
228 3568 355 3606 litteras
375 3570 471 3615 super
494 3568 682 3614 protestum
698 3595 708 3610 ,
738 3579 891 3604 teneatur
911 3568 998 3602 intra
1033 3570 1096 3604 ho-

131 3625 183 3649 ras
208 3628 264 3658 ²4·
291 3617 325 3651 in
350 3618 431 3652 astis
459 3616 580 3652 notarii
604 3629 718 3652 coram
748 3617 887 3652 tellibus
916 3627 1096 3663 acceptare

128 3662 227 3709 supra
250 3666 436 3711 protestum
460 3692 470 3707 ,
495 3664 554 3699 cui
579 3665 743 3711 protestui
766 3665 870 3700 debet
890 3663 1095 3699 intervenire

127 3709 186 3747 ille
209 3713 270 3761 qui
291 3713 420 3749 litteras
447 3712 663 3760 praesentavit
681 3725 695 3754 ·,
716 3714 802 3750 ultra
822 3711 984 3759 praedista
1004 3723 1094 3749 tene-

1190 486 1311 520 tradita
1328 487 1347 520 a
1363 487 1439 521 star.
1462 488 1550 522 Gen.
1566 488 1597 520 in
1609 489 1851 534 acceptatione
1866 491 2047 527 litterarum
2062 493 2158 539 supra

1190 535 1378 578 protestum
1391 561 1401 576 ,
1420 535 1458 568 fit
1472 535 1630 569 servanda
1648 536 1681 568 in
1695 537 1931 583 acceptatione
1944 539 2129 575 litterarum
2144 566 2154 583 ,

1189 579 1343 617 facienda
1357 582 1389 616 in
1409 582 1561 622 Civitate
1571 584 1718 618 Genuae.

1239 629 1347 664 Secus
1378 631 1410 665 in
1440 632 1679 678 acceptatione
1699 631 1904 672 litterarum,
1941 631 2095 668 facienda
2119 635 2154 670 in

1186 677 1346 713 nundinis
1367 705 1377 720 ,
1399 679 1479 726 quia
1509 678 1541 713 in
1570 679 1725 713 nundinis
1747 680 1868 716 sufficit
1894 681 2154 729 servarefimpli-

1186 723 1311 760 ciorem
1329 725 1494 770 formam;
1518 738 1637 773 nempe
1648 728 1745 775 quod
1759 741 1938 776 acceptans
1955 729 2068 770 saciat,
2086 731 2155 766 du·-

1184 783 1278 807 rante
1301 775 1355 809 illa
1375 775 1485 818 seria3
1507 777 1615 810 notari
1634 775 1667 808 in
1698 775 1782 811 libro
1810 776 2010 812 Cancellarii
2031 778 2153 814 dietam

1182 822 1480 867 protestationem,
1499 824 1533 857 &
1548 824 1635 857 idem
1653 823 1882 859 Cancellarius
1902 825 2015 872 postea
2027 824 2153 862 dehoc

1183 870 1322 904 verbum
1336 871 1456 906 habeat
1468 873 1510 906 ab
1524 882 1578 911 eo,
1590 871 1645 905 cui
1659 870 1742 906 faeta
1760 872 1805 906 est
1831 873 1968 913 solutio,
1982 873 2026 908 sic
2036 874 2153 921 dispo-

1182 919 1340 953 nentibus
1353 919 1511 965 capitulis
1524 919 1746 955 nundinarum
1764 921 1992 955 Genuenfiurn
2008 947 2017 961 ‚
2038 935 2068 957 n.
2095 935 2152 968 34.

1181 975 1261 1011 quae
1275 966 1308 1000 in
1331 967 1400 1003 hoc
1411 968 1580 1015 derogant
1591 966 1738 1015 exprelse
1756 967 1875 1004 formae
1891 969 2053 1005 traditaea
2069 972 2150 1006 rela-

1179 1021 1217 1047 to
1233 1014 1370 1050 statuto.

1228 1062 1337 1098 Secus
1349 1063 1448 1098 etiarn
1462 1063 1494 1097 in
1504 1063 1798 1111 acceptationibus
1810 1090 1819 1105 ,
1839 1063 1932 1098 saetis
1953 1064 1987 1098 in
2004 1064 2075 1099 aliis
2095 1056 2234 1106 10:3⁸7

1177 1108 1237 1151 cis,
1253 1111 1286 1145 in
1300 1112 1427 1156 quibus
1442 1110 1638 1146 servandum
1651 1113 1729 1148 esset
1749 1113 1804 1159 J'us
1814 1123 2004 1154 commune,
2021 1113 2100 1161 quia
2112 1114 2147 1149 iri

1175 1157 1238 1192 illis
1254 1158 1417 1195 sufficeret
1433 1159 1627 1206 acceptatio
1640 1160 1837 1196 authentica
1853 1162 1887 1195 &
1906 1162 2043 1207 publica
2058 1188 2067 1203 ‚
2085 1163 2145 1197 cui

1176 1207 1254 1241 ell'et
1268 1208 1312 1242 ira
1331 1207 1539 1242 credendum
1551 1233 1561 1250 ‚
1575 1217 1614 1242 ut
1634 1209 1744 1244 omnis
1752 1207 1841 1243 fraus
1858 1210 1988 1245 veniret
2003 1220 2144 1246 remota:

1176 1257 1209 1289 ὃ(
1227 1267 1266 1288 an
1283 1255 1530 1291 sufficiatunica
1553 1257 1753 1302 protestatio
1767 1283 1776 1298 ,
1804 1268 1866 1303 pro
1886 1269 1977 1292 nunc
1992 1270 2060 1294 non
2076 1258 2142 1294 dis-

1171 1303 1270 1338 cutio
1286 1316 1298 1347 ;
1315 1304 1372 1338 sed
1388 1303 1497 1340 tutior
1507 1304 1555 1338 est
1568 1303 1687 1350 opinio
1698 1331 1707 1346 ,
1723 1305 1819 1353 quod
1834 1305 1980 1353 requirat
2000 1307 2097 1342 etiam
2108 1307 2141 1341 in

1173 1351 1352 1387 solutione.

1220 1402 1365 1436 Declara
1401 1400 1575 1442 secundo,
1602 1411 1642 1437 ut
1665 1401 1800 1437 solvens
1823 1400 1919 1449 supra
1948 1403 2136 1450 protestum
2155 1396 2222 1443 388

1170 1447 1325 1496 ideoque
1351 1450 1469 1484 volens
1486 1450 1628 1484 retinere
1655 1449 1846 1497 obligatum
1860 1462 1936 1486 eum
1960 1453 2020 1498 qui
2034 1451 2135 1498 scrip-

1170 1496 1208 1530 sit
1237 1498 1388 1539 litteras,
1419 1499 1542 1533 debeat
1568 1497 1654 1532 ultra
1681 1498 1842 1544 praedista
1867 1499 1899 1533 in
1923 1499 2134 1546 praecedenti

1170 1545 1273 1588 prima
1290 1545 1518 1581 declaratione
1533 1573 1542 1587 ‚
1568 1546 1701 1580 mittere
1729 1546 1904 1589 debitum,
1930 1547 1966 1582 id
1989 1548 2058 1589 est,
2082 1549 2132 1583 fa·

1167 1604 1245 1627 cere
1282 1594 1382 1629 solito
1417 1603 1573 1641 tempore
1604 1595 1738 1630 trastam
1771 1595 1921 1642 ejusdem
1963 1597 2131 1640 summae‚

1166 1652 1268 1687 quam
1294 1641 1364 1687 ipse
1393 1641 1494 1677 solvit
1521 1644 1563 1677 ad
1588 1644 1735 1678 eundem
1764 1644 1901 1685 locum,
1928 1644 1960 1678 in
1984 1645 2132 1680 eundem

1167 1689 1225 1735 qui
1248 1690 1306 1723 fibi
1331 1691 1451 1731 traxit,
1476 1690 1592 1738 sicque
1621 1702 1684 1737 pro
1711 1693 1834 1732 tracta,
1862 1703 1965 1740 quarn
2000 1693 2129 1735 solvit,

1166 1738 1267 1771 debet
1287 1738 1344 1771 fibi
1367 1738 1550 1785 providere
1569 1750 1632 1785 pro
1658 1739 1780 1774 eodem
1802 1740 1903 1781 l0c0‚
1927 1740 2018 1777 unde
2044 1751 2130 1777 trac-

1167 1795 1199 1820 ta
1226 1785 1402 1832 proceffit‚
1426 1787 1516 1822 salvo
1540 1787 1804 1834 impedimento,
1841 1789 1875 1823 &
1904 1787 1995 1826 salvo
2023 1789 2098 1826 casu
2116 1814 2127 1832 ,

1162 1845 1235 1880 quo
1258 1834 1344 1870 ordo
1373 1834 1454 1870 esset
1478 1835 1574 1872 aliter
1593 1834 1718 1879 datus3
1741 1837 1775 1871 &
1795 1836 1884 1872 salvo
1902 1837 2000 1873 etiam
2023 1837 2099 1873 casu
2115 1864 2127 1880 ,

1163 1894 1234 1929 qno
1260 1882 1293 1916 in
1310 1895 1352 1918 eo
1379 1883 1480 1925 loco,
1504 1883 1597 1919 unde
1614 1886 1714 1921 tracta
1738 1883 1895 1932 processit
1913 1910 1924 1926 ,
1946 1897 2016 1921 non
2047 1885 2129 1922 estet

1162 1931 1298 1964 solitum
1325 1933 1483 1972 cambiri,
1524 1932 1577 1967 vel
1606 1941 1691 1968 tunc
1719 1944 1787 1968 non
1812 1933 2038 1980 reperiretur,
2065 1934 2128 1982 qui

1164 1979 1263 2014 vellet
1287 1980 1417 2015 cambio
1431 1981 1530 2022 dare,
1560 1981 1594 2015 δε
1612 1980 1829 2016 nihilominus
1849 1981 1913 2018 isto
1936 1982 2012 2019 casu
2032 1993 2127 2018 tene·

1162 2038 1214 2062 tur
1236 2028 1389 2062 notitiam
1411 2028 1491 2063 dare
1515 2029 1561 2063 illi
1584 2029 1643 2076 qui
1662 2029 1720 2064 fibi
1749 2029 1883 2065 traftam
1905 2029 1988 2066 fecit
2008 2057 2018 2073 ,
2048 2031 2088 2066 ali
2111 2040 2127 2066 's

1161 2075 1200 2109 iis
1226 2088 1293 2110 non
1317 2076 1476 2119 servatis,
1509 2078 1700 2123 acceptatio
1724 2078 1759 2112 &
1780 2076 1904 2114 solutio
1938 2078 2073 2126 litterar!
2094 2093 2126 2115 rn

1160 2123 1363 2171 intelligitur
1381 2124 1464 2160 faeta
1494 2126 1596 2160 libere
1610 2151 1620 2167 ,
1636 2135 1677 2160 ut
1697 2125 1798 2161 latius
1815 2124 2005 2174 disponitur
2021 2128 2056 2162 in
2069 2126 2127 2163 eis-

1161 2172 1236 2206 dem
1257 2172 1391 2208 {tatutis
1414 2173 1472 2208 lib.
1489 2188 1523 2218 4.
1549 2187 1578 2210 c.
1597 2185 1651 2216 ¹4.
1664 2175 1697 2220 §.
1714 2184 1872 2221 praererea
1888 2176 2013 2210 volens.
2033 2177 2068 2213 ὠ
2092 2178 2126 2224 §-

1151 2222 1224 2267 seq.
1236 2221 1304 2267 sed
1323 2220 1346 2261 fi
1368 2222 1450 2257 tale.
1466 2223 1499 2257 ὃς
1520 2222 1561 2256 ab
1594 2221 1659 2256 hac
1685 2222 1802 2257 statuti
1826 2221 2043 2270 dispositione
2057 2236 2128 2261 non

1158 2268 1348 2315 discrepant
1364 2269 1511 2316 capitula
1535 2268 1759 2306 nundinarum
1776 2270 1981 2314 Genuenfium
1997 2285 2050 2307 nu.
2071 2285 2127 2319 34.

1158 2316 1214 2350 sed
1240 2316 1411 2362 copiofius
1437 2318 1652 2365 disponunt;
1679 2319 1714 2353 ὅ(
1745 2318 1801 2354 hae
1825 2320 1919 2366 leges
1940 2321 2127 2366 peculiares

1158 2364 1256 2412 super
1284 2366 1422 2400 cambiis
1446 2366 1520 2401 sunt
1549 2366 1702 2403 fundatae
1727 2366 1761 2401 in
1794 2367 2016 2414 dispositione
2044 2369 2127 2415 juris

1161 2413 1347 2448 communis
1373 2426 1385 2457 ;
1409 2426 1481 2449 nam
1499 2415 1631 2450 solvens
1650 2415 1776 2450 litteras
1800 2414 1896 2463 super
1913 2417 2127 2462 protestum;

1159 2460 1317 2507 supponit
1350 2462 1382 2496 se
1421 2474 1539 2509 gerere
1573 2463 1656 2498 utile
1689 2464 1866 2510 negotium
1899 2464 1987 2500 illius
2016 2491 2027 2507 ‚
2065 2466 2128 2513 qui

1160 2507 1286 2555 scripsit
1308 2510 1467 2552 litteras„
1500 2522 1538 2546 ut
1561 2511 1630 2546 dixi
1643 2513 1751 2558 supra
1773 2525 1858 2549 nunt.
1882 2515 1961 2559 364.
1985 2514 2020 2552 dr
2048 2516 2129 2560 365.

1162 2557 1218 2591 sed
1244 2558 1313 2593 hoc
1340 2558 1548 2606 suppofitum
1577 2560 1624 2594 est
1652 2559 1767 2594 falsum
1795 2587 1804 2601 ,
1835 2562 1976 2609 quando
2005 2574 2046 2597 ex
2071 2563 2129 2598 ista

1162 2605 1355 2648 solutione,
1383 2608 1588 2653 intempore
1612 2620 1680 2642 non
1710 2609 1885 2645 notificata
1900 2637 1909 2651 ,
1937 2610 2049 2646 saltem
2071 2621 2131 2658 per

1163 2654 1248 2689 viam
1273 2655 1408 2690 reflexae
1435 2656 1574 2698 trac'tae,
1607 2656 1719 2703 potest
1749 2658 1780 2691 ei
1800 2657 1974 2693 imminere
1999 2659 2130 2705 pericu-

1162 2702 1230 2736 lum
1246 2730 1255 2744 ‚
1282 2712 1321 2737 ut
1345 2703 1475 2738 interim
1505 2705 1580 2751 ejus
1600 2705 1736 2740 debitor
1751 2732 1761 2747 ‚
1783 2717 1885 2753 quern
1909 2707 2019 2742 voluit
2039 2708 2131 2742 dele-

1162 2762 1244 2796 gare
1267 2777 1277 2792 ,
1307 2752 1341 2786 ὅς
1365 2751 1502 2798 ignorat
1526 2779 1535 2794 ‚
1563 2765 1632 2788 non
1660 2752 1725 2787 elle
1747 2765 1959 2798 acceptatum
1983 2781 1993 2797 ,
2023 2755 2130 2790 deco-

1161 2810 1244 2846 quat
1262 2826 1271 2840 ,
1301 2810 1339 2834 ut
1362 2800 1394 2833 in
1420 2800 1497 2835 casu
1522 2827 1532 2842 ‚
1556 2801 1600 2836 de
1626 2814 1697 2850 quo
1724 2803 1796 2836 Rot.
1827 2803 1967 2840 Genuen.
1994 2804 2066 2838 dec.
2096 2805 2129 2842 6.

1162 2849 1304 2883 Ioannes
1320 2874 1329 2888 ‚
1348 2849 1383 2885 (ἐν’
1400 2849 1470 2884 dec.
1490 2862 1506 2883 ι
1518 2863 1545 2884 ι.
1560 2852 1724 2884 Antonius
1742 2851 1935 2898 Carcaffola.
1953 2852 2006 2886 vel
2023 2863 2128 2898 quan-

1161 2895 1209 2929 do
1232 2894 1314 2930 facit
1340 2897 1472 2931 tractam
1489 2897 1522 2931 in
1544 2898 1643 2932 aliurn
1667 2898 1784 2932 locum
1799 2925 1809 2938 ‚
1832 2899 1865 2932 in
1890 2911 1964 2947 quo
1981 2900 2128 2935 debitori

1159 2943 1299 2990 gravior
1323 2945 1368 2978 est
1392 2945 1517 2980 solutio
1531 2961 1542 2985 ‚·
1555 2946 1632 2994 quia
1651 2946 1702 2980 his
1727 2946 1856 2981 casibus
1872 2960 1940 2983 non
1959 2949 2048 2995 gerit
2062 2948 2128 2984 uti-

1159 2992 1235 3026 liter
1257 2993 1434 3039 negotium
1453 3005 1465 3036 ;
1487 2994 1520 3028 δε
1538 2995 1622 3029 ficut
1645 2994 1671 3028 is
1688 2994 1748 3041 qui
1771 2993 1906 3042 suscipit
1930 3007 2017 3030 onus
2034 3007 2125 3031 man-

1159 3040 1252 3080 dati,
1280 3051 1413 3075 tenetur
1437 3041 1520 3075 illud
1545 3041 1636 3076 omni
1660 3042 1834 3088 diligentia
1861 3043 2000 3090 postibili
2020 3044 2125 3081 adim.

1159 3087 1274 3134 plere,
1300 3098 1338 3122 ut
1365 3088 1498 3124 secutus
1522 3089 1590 3124 sum
1606 3092 1711 3137 supra
1729 3103 1901 3138 num.z57.
1921 3093 1955 3128 (ρ’
1978 3104 2056 3140 37¹·
2077 3093 2123 3128 ita

1158 3135 1254 3170 etiam
1277 3136 1337 3184 qui
1355 3135 1489 3183 suscipit
1514 3149 1600 3172 onus
1615 3138 1754 3184 gerendi
1779 3139 1921 3186 aliquod
1946 3139 2123 3187 negotium

1157 3184 1292 3218 alterius
1308 3210 1317 3224 ,
1342 3184 1445 3219 debet
1472 3186 1516 3220 ita
1539 3186 1622 3221 illud

1156 3233 1185 3266 ei
1211 3232 1367 3266 damnum
1393 3231 1524 3269 inferre.

1205 3280 1348 3316 Declara
1383 3281 1484 3315 tertio
1514 3307 1523 3321 ‚
1560 3292 1599 3316 ut
1636 3281 1777 3318 facultas
1804 3282 1955 3318 solvendi
1992 3285 2119 3320 litteras
2135 3294 2202 3341 389

1154 3327 1251 3374 supra
1285 3329 1470 3373 protesturn
1509 3340 1680 3375 competat
1720 3331 1885 3377 gradatim
1921 3331 1992 3367 hoc
2025 3334 2117 3368 ordi-

1153 3387 1196 3410 ne
1222 3389 1230 3410 :
1256 3377 1363 3422 primo
1388 3387 1552 3423 competit
1574 3377 1620 3410 illi
1648 3378 1708 3424 qui
1736 3380 1808 3413 vult
1835 3378 1964 3415 solvere
1984 3382 2118 3425 libere;

1153 3424 1306 3471 quisquis
1333 3424 1385 3458 ille
1420 3425 1456 3459 lit
1489 3438 1496 3459 :
1536 3425 1593 3458 hic
1619 3436 1704 3459 enim
1743 3425 1921 3473 praefertur
1960 3430 2117 3465 omnibus

1153 3472 1349 3507 volentibus
1386 3472 1515 3506 solvere
1555 3473 1650 3518 supra
1688 3475 1875 3521 protestum
1913 3487 1922 3510 ε
1963 3477 2114 3513 secundo

1151 3519 1316 3566 competit
1342 3519 1417 3561 illi,
1442 3521 1501 3567 qui
1527 3520 1629 3556 debet
1649 3522 1815 3557 cambium
1842 3523 1991 3569 recipere
2016 3535 2113 3560 :ter-

1150 3569 1200 3603 tio
1232 3579 1312 3602 vero
1350 3568 1430 3615 loco
1465 3568 1632 3614 competit
1667 3569 1711 3602 illi
1736 3596 1745 3611 ,
1772 3571 1826 3607 cui
1857 3572 1940 3605 faeta
1969 3573 2015 3606 est
2047 3583 2110 3607 tra-

1150 3615 1222 3657 cta,
1251 3616 1306 3650 sed
1333 3615 1355 3647 fi
1379 3615 1427 3656 is,
1457 3616 1489 3649 in
1511 3627 1612 3662 quem
1639 3617 1685 3651 est
1707 3617 1791 3653 fasta
1818 3619 1917 3654 tracta
1943 3620 2112 3665 acceptas-

1149 3663 1195 3698 set
1217 3664 1344 3699 litteras
1364 3673 1442 3697 cum
1464 3664 1614 3710 protessu
1631 3691 1640 3705 ‚
1665 3667 1699 3700 ὅ(
1718 3666 1745 3700 is
1763 3667 1822 3713 qni
1842 3667 1944 3701 debet
1963 3679 2112 3713 recipere

1148 3713 1311 3748 cambium
1327 3734 1338 3751 ,
1358 3710 1568 3747 consenfilset
1589 3712 1636 3746 illi
1660 3715 1887 3759 acceptationi
1909 3713 2006 3761 super
2031 3727 2111 3760 pro-

1693 3760 1757 3795 kk
1810 3774 1826 3805 3
1988 3763 2075 3797 testu
2098 3791 2108 3800 .

1645 3198 1764 3233 gerere
1778 3214 1786 3229 ,
1818 3198 1855 3223 ut
1875 3199 1944 3223 non
1966 3188 2122 3224 videatur
