2400 3939
298 126 411 192 506

299 209 338 243 di
363 221 457 245 niano
476 208 513 245 dn·
535 208 642 245 chivi
662 207 678 242 ἐ
699 211 860 243 nominato
875 206 1116 254 perscribente,
1134 204 1148 238 ὸ
1163 205 1248 250 fimo

293 257 459 305 scribente
472 284 482 299 ,
508 258 524 293 ὀ
546 257 583 292 da·
591 256 654 303 βω
667 257 806 298 institore
825 255 840 290 ὁ
862 255 919 289 che
939 254 1008 287 clla
1020 254 1072 297 fia
1090 254 1174 293 slata
1189 260 1248 298 pa-

298 316 394 354 gata.
423 307 574 354 Etsbpra
591 304 695 352 queste
713 305 777 338 due
790 303 957 337 eccenioni
966 301 997 348 fi
1004 300 1161 348 proceda,
1176 299 1242 344 cbfi

287 362 355 394 ἐτι,
374 353 408 391 ὁ
425 355 892 400 determinisommariamente
906 350 942 384 di
952 353 1060 395 piano,
1070 347 1242 395 sezastre-

301 404 382 449 pito,
398 402 415 436 ὁ
446 402 452 408 ”
474 414 535 437 tera
550 401 760 450 digiudicio,
778 399 813 435 &³
830 398 850 432 ὰ
864 397 957 432 modo
973 397 1010 430 di
1030 397 1127 430 buono
1151 397 1242 429 Mer-

305 461 410 491 canre,
428 416 593 494 &gre-jetta
610 450 681 497 ogni
692 447 920 486 cavillatione,
935 445 1157 490 &solamente
1170 453 1242 476 con-

292 498 446 542 fidi-rata
463 499 497 532 la
517 508 601 544 pura
620 497 731 530 verita
748 494 805 528 del
811 495 914 542 fatto.
955 494 999 526 Et
1025 492 1047 530 fi
1059 490 1217 526 dechiara
1234 516 1243 530 ‚

302 547 359 581 che
375 549 406 579 in
423 548 500 579 tutti
514 544 621 592 luoghi
637 544 674 576 di
698 543 798 590 questi
812 541 959 588 capitoli,
979 540 1066 574 dove
1071 539 1101 584 fi
1113 540 1241 572 nomina

305 594 392 630 colui
409 593 467 627 che
484 592 700 638 habitafattn
717 591 752 624 la
772 591 890 624 lettera
905 589 942 623 di
960 588 1103 627 Cambio,
1116 587 1244 619 s'inten-

306 643 348 677 de
357 653 420 690 per
431 642 566 686 fanore,
579 638 767 688 o'scribente
780 637 873 672 della
888 638 1007 671 lettera
1019 636 1116 675 colui,
1127 635 1243 673 colore,

305 690 362 724 che
376 690 448 733 sono
463 690 618 724 nominati
633 688 724 721 nella
727 689 816 734 sotto
827 686 1017 730 scrittione,
1043 687 1076 717 in
1092 695 1182 716 nome
1204 680 1246 714 de

306 731 397 786 quali
418 736 434 771 e'
446 739 536 783 fatta
554 737 588 771 la
607 735 744 775 lettera,
765 736 806 782 se
822 733 858 768 be
876 733 953 768 hene
966 745 1024 766 non
1032 731 1112 779 foffe
1125 731 1220 774 satta
1233 754 1242 768 ,

304 799 321 822 o
325 790 412 833 sotto
417 788 542 833 scritta
560 785 597 819 di
607 783 657 818 lor
670 795 780 820 mano.
797 782 915 828 perche
928 780 972 822 fia
978 782 1065 829 sotto
1073 780 1197 826 scritta
1210 777 1247 810 di

307 825 458 870 mano'di
467 835 622 882 persona,
651 831 709 866 che
732 830 853 865 habbia
876 830 903 863 il
921 833 1133 877 compimento
1149 824 1246 860 della

304 885 436 931 ragione
449 910 459 923 ,
479 881 637 917 ancorche
653 880 718 929 egli
738 891 797 912 non
808 877 889 926 [ψ
905 887 1077 927 compagno
1090 901 1100 917 ‚
1126 875 1142 909 ὁ
1162 874 1244 908 alti-

307 942 411 969 mente
427 931 603 978 intereffato
621 932 652 961 in
670 928 732 976 effa
750 929 893 974 ragione.

356 981 496 1027 Qanta
509 981 564 1026 poi
580 977 651 1011 alle
663 976 778 1009 lettere
792 973 829 1008 di
844 972 977 1009 cambio
987 973 1082 1019 fatte
1095 974 1127 1006 in
1141 971 1219 1018 qual
1218 969 1249 1016 fi

309 1029 422 1076 voglia
443 1028 535 1075 luogo
561 1037 619 1074 per
640 1025 784 1072 Bologna
799 1048 808 1064 ,
837 1023 873 1066 se
890 1022 1012 1056 alcuna
1041 1021 1159 1054 lettera
1186 1031 1248 1053 non

301 1077 383 1124 sera
400 1085 566 1110 accettata
578 1072 723 1121 secondo
744 1072 770 1105 il
793 1082 881 1104 tenor
890 1071 952 1117 fito
973 1094 983 1109 ‚
1005 1068 1099 1115 petra
1119 1068 1145 1101 il
1168 1079 1247 1114 prae·

302 1124 453 1172 sentante
478 1123 656 1170 protestare
675 1120 782 1168 d'ogni
796 1120 894 1166 spesa
911 1144 920 1157 ,
947 1118 1070 1155 danna,
1093 1117 1128 1152 (5
1148 1118 1248 1149 inter-

310 1172 366 1222 effe
383 1182 496 1206 contra
515 1183 572 1206 con
590 1171 656 1210 lui,
679 1168 736 1203 che
753 1168 880 1200 havera
889 1168 987 1213 satta
1002 1167 1038 1198 la
1060 1165 1195 1204 lettera,
1215 1163 1249 1198 (ῥ’

310 1231 423 1254 contra
439 1221 586 1266 ciastuno
601 1244 610 1258 ,
636 1218 694 1252 che
708 1219 745 1249 vi
753 1216 839 1263 suffe
855 1215 1009 1263 obligato.
1044 1214 1089 1246 Et
1103 1215 1175 1258 caso
1193 1211 1251 1245 che

303 1267 384 1316 foffe
397 1268 510 1316 affente
522 1268 567 1302 da
583 1265 727 1314 Bologna
742 1265 846 1302 colui,
870 1266 890 1297 ὰ
903 1265 957 1296 cui
967 1263 1054 1307 sara
1072 1262 1198 1294 diretta
1214 1260 1250 1292 la

312 1316 448 1356 lettera,
475 1328 515 1349 ne
533 1315 650 1363 cifoffe
659 1325 719 1362 per
734 1313 780 1346 lui
799 1311 927 1360 haveffe
942 1310 1081 1358 facult&
1098 1309 1114 1343 ὸ
1132 1310 1251 1354 compi-

313 1375 416 1398 mento
437 1364 657 1399 d'accettarla
669 1389 677 1401 ‚
702 1361 781 1408 ροβε
796 1361 822 1394 il
834 1362 1039 1407 presentante
1057 1357 1186 1391 andare
1199 1356 1252 1389 al—

315 1412 351 1446 la
369 1414 447 1457 casa
463 1412 521 1447 del
532 1412 621 1446 detto
639 1411 755 1459 affente
776 1408 898 1447 insieme
918 1408 968 1440 Ion
985 1419 1043 1440 uno
1059 1409 1100 1439 de
1116 1406 1252 1438 Notarii

315 1459 373 1494 del
395 1454 468 1507 soro
495 1460 538 1494 de
554 1460 743 1496 Meri-anti,
774 1459 808 1493 ὠ
825 1457 976 1502 quifare
1000 1455 1095 1502 ilsno
1115 1453 1252 1501 protesio

306 1510 409 1557 sopra
424 1509 659 1544 l'accettatione
670 1533 678 1546 ,
686 1506 716 1551 fi
725 1517 785 1552 per
800 1505 862 1539 all’
875 1505 954 1538 hora
973 1514 1031 1536 non
1046 1505 1118 1546 sera
1133 1502 1160 1534 il
1173 1511 1252 1534 tem-

312 1566 354 1605 po
373 1556 431 1590 del
446 1567 642 1605 pagamento
659 1568 671 1598 ;
702 1555 735 1590 (rs
757 1565 874 1586 venuto
899 1553 926 1586 il
946 1563 1050 1596 tempo
1070 1550 1126 1584 de!
1143 1560 1250 1598 paga-

315 1615 430 1643 mento,
447 1617 487 1639 ne
502 1604 767 1653 effendogagata,
782 1601 877 1649 potrd
888 1601 995 1648 rt‘fare
1011 1600 1038 1632 il
1051 1601 1105 1647 sno
1115 1598 1252 1645 protesto

292 1665 295 1667 ·
306 1655 411 1703 sopra
423 1652 481 1687 del
494 1664 700 1701 pagamenm.

364 1702 620 1738 L’accettatione
647 1699 738 1733 delle
765 1697 855 1732 dene
883 1696 998 1730 lettere
1026 1694 1063 1729 di
1096 1694 1229 1728 Cambio
1243 1719 1252 1732 ‚

317 1749 376 1784 che
389 1747 444 1793 ser2
458 1762 540 1784 anno
553 1749 715 1784 drizzate
735 1747 754 1781 ὰ
772 1744 946 1794 pagarfiin
965 1743 1166 1791 Bolognay,fi
1179 1742 1255 1776 deh-

317 1797 641 1846 bafaresolamente
658 1807 718 1843 per
741 1806 834 1828 mano
849 1796 886 1826 di
906 1792 956 1826 ihi
979 1792 1107 1825 havera
1132 1793 1158 1824 il
1174 1803 1255 1825 com-

314 1849 456 1893 pimenro
483 1845 577 1880 della
599 1847 732 1893 ragione
751 1869 760 1883 ,
795 1842 870 1876 alla
898 1841 994 1887 quale
1015 1842 1156 1888 ser-inno
1177 1840 1258 1882 stati

316 1896 440 1928 trattii
461 1894 603 1933 denari,
622 1889 892 1940 ofiapatrone,o'
916 1889 1077 1934 institore,
1106 1887 1163 1922 che
1179 1886 1257 1921 hab-

317 1942 352 1977 bi
369 1942 420 1976 tal
438 1941 655 1976 comhimeneo.
691 1941 903 1975 Altramente
918 1937 1024 1971 cotale
1041 1938 1257 1970 accettatione

308 1990 363 2035 fia
383 1991 420 2024 di
437 1989 539 2038 neffun
553 1990 691 2031 valore,
708 1991 750 2037 se
776 1987 855 2022 bene
874 1985 956 2034 foffe
969 1986 1059 2032 fatte
1081 1994 1140 2031 per
1165 1995 1258 2017 mano

321 2039 473 2073 d’alcuno
498 2049 690 2086 compagno‚
721 2048 855 2085 agente,
880 2035 896 2069 ὁ
919 2045 1064 2082 garzone
1088 2032 1182 2066 della
1201 2044 1258 2065 ra-

312 2089 408 2136 gione
424 2099 431 2122 :
461 2088 506 2120 Et
521 2086 717 2133 ciaschedun
733 2083 960 2127 Mercantefia
974 2092 1080 2115 temno
1091 2080 1157 2114 dar
1174 2082 1258 2114 noti-

318 2137 369 2168 tia
382 2135 419 2168 al
439 2136 672 2177 Conservatore
686 2133 744 2167 del
763 2132 850 2166 detto
859 2131 936 2178 foro
954 2130 1047 2163 della
1061 2130 1197 2175 persona
1209 2156 1218 2169 ,
1243 2127 1259 2162 ὁ

318 2184 462 2230 persone,
479 2178 538 2216 c'he
551 2182 652 2216 hanno
666 2208 675 2222 ‚
699 2182 714 2215 ὸ
732 2181 788 2216 che
799 2192 859 2227 pro
875 2188 1014 2225 tempore
1033 2177 1221 2211 haveranno
1234 2176 1261 2210 il

320 2233 527 2278 compimento
551 2229 645 2264 della
650 2231 716 2276 sita
730 2231 872 2278 ragione.
905 2228 938 2261 Il
954 2227 1033 2273 qual
1051 2224 1262 2271 Conservato-

318 2290 356 2314 τε
375 2291 412 2314 ne
441 2278 560 2313 debbia
569 2279 635 2324 far
657 2280 759 2327 rogito
779 2277 833 2311 nel
861 2275 944 2310 libro
970 2277 1061 2309 accio
1080 2274 1236 2320 deputato
1251 2299 1260 2313 ‚

321 2328 358 2364 &⁹
369 2329 551 2374 parimente
555 2326 586 2370 fi
587 2329 707 2374 faccia
723 2328 826 2375 rogito
844 2322 1018 2372 quandose
1037 2323 1198 2370 revocafle
1211 2321 1263 2356 tal

321 2379 537 2423 compimento.

373 2425 417 2458 Et
433 2424 560 2472 quando
572 2424 603 2458 le
619 2424 708 2457 deire
726 2423 840 2456 lettere
850 2419 1086 2468 serannostate
1101 2429 1264 2453 accettate

324 2471 372 2506 da
386 2471 439 2506 chi
453 2472 538 2508 dove
549 2499 559 2512 ,
584 2473 618 2509 ὅσ
628 2471 691 2519 pud
710 2469 892 2504 accettarle
908 2495 917 2508 ,
944 2479 1031 2502 come
1047 2466 1070 2508 (i
1083 2466 1100 2500 ἐ
1115 2466 1203 2500 detto
1218 2493 1227 2507 ,
1236 2466 1267 2510 fi

323 2520 465 2568 obligato
486 2522 519 2553 la
539 2523 671 2569 ragione
681 2521 787 2567 farne
802 2517 828 2551 il
840 2526 1032 2565 pagamento
1048 2515 1067 2548 ὰ
1079 2515 1140 2561 fito
1154 2514 1266 2548 debito

323 2578 448 2615 tempo,
470 2580 507 2601 tte
518 2578 578 2615 per
593 2568 662 2601 tale
676 2568 893 2602 accettatione
918 2563 1080 2598 s’imenda
1101 2563 1176 2611 effer
1192 2565 1266 2610 pri-

320 2616 492 2664 giudicato
508 2616 545 2650 al
553 2618 776 2663 presentante‚
795 2613 853 2648 che
865 2624 924 2646 non
936 2611 1018 2659 poffa
1035 2623 1134 2659 agere
1154 2623 1265 2645 contra

326 2664 512 2712 qualunque
522 2665 658 2711 persiana
672 2690 682 2704 ‚
705 2664 762 2697 che
778 2663 815 2697 al
825 2659 951 2696 cambio
967 2660 1005 2694 di
1022 2659 1133 2706 quella
1145 2659 1265 2693 lettera

327 2715 361 2746 in
377 2713 560 2762 qualunqne
575 2711 668 2749 modo
684 2711 766 2759 foffe
780 2710 926 2758 obligata
939 2734 949 2749 ‚
977 2719 1033 2742 con
1047 2717 1128 2740 tutto
1145 2706 1203 2740 che
1227 2705 1266 2740 di

328 2773 394 2794 una
412 2771 508 2806 parte
515 2759 596 2807 foffe
603 2761 732 2808 seguito
748 2759 774 2791 il
786 2767 980 2805 pagamento
994 2766 1002 2789 :
1029 2767 1083 2788 ma
1099 2755 1173 2800 resti
1178 2756 1269 2802 sem-

326 2819 385 2856 pre
398 2808 499 2853 [alda
515 2809 550 2841 la
553 2810 621 2856 sua
642 2810 773 2857 ragione
786 2815 899 2840 contra
915 2805 1064 2852 ciascuno
1090 2803 1268 2851 intereffato

329 2859 364 2890 in
379 2849 473 2890 detta
488 2856 608 2891 lettera
615 2855 683 2902 fino
697 2855 880 2890 all’intiera
889 2854 977 2900 satis
972 2853 1118 2899 faitione
1133 2851 1170 2884 di
1180 2852 1270 2898 quel-

329 2904 370 2942 lo,
385 2915 475 2938 tamo
489 2904 584 2938 della
596 2916 680 2938 vera
682 2903 775 2950 sorte
789 2911 908 2950 quanto
922 2900 1012 2936 delle
1017 2900 1125 2947 spese,
1141 2897 1269 2941 damni,

329 2952 366 2990 Θ
388 2952 535 2998 intereffi.
704 2971 711 2975 —

380 3002 426 3035 Ee
432 3003 474 3048 se
495 3000 676 3048 auvenrffe,
700 3000 758 3033 che
779 2999 881 3045 doppo
906 2998 1148 3031 l’accenatione
1173 2995 1268 3029 della

329 3044 450 3083 lettera
476 3047 513 3082 di
537 3047 853 3097 Cambioseguitaffe
871 3056 1019 3085 ronura,
1043 3045 1058 3079 ὀ
1081 3044 1268 3088 fallimento

329 3096 425 3131 della
443 3098 573 3144 ragione
589 3095 647 3129 che
661 3097 695 3129 la
708 3098 815 3129 devea
834 3104 983 3142 pagarez,
1000 3093 1034 3130 &
1051 3092 1117 3127 cosi
1133 3091 1193 3140 effa
1208 3091 1268 3124 let—

330 3155 401 3178 tera
417 3157 476 3178 non
495 3143 618 3191 haveffe
635 3146 660 3178 il
668 3145 729 3189 fico
745 3143 853 3177 debito
869 3144 1079 3187 compimento
1093 3140 1130 3174 al
1150 3150 1267 3186 tempo,

329 3195 364 3226 in
379 3192 430 3226 tal
442 3194 516 3239 caso
528 3192 555 3225 il
572 3193 779 3238 Presemante
799 3192 893 3236 pomi
902 3191 982 3236 fare
998 3189 1025 3222 il
1035 3192 1097 3236 suo
1108 3188 1244 3235 prote-sto
1254 3212 1265 3228 ‚

327 3240 363 3275 (ἵ
379 3240 431 3274 chi
445 3240 551 3272 haver
564 3239 682 3284 &fatto
695 3240 730 3272 la
746 3239 865 3271 lettera
875 3263 885 3277 ‚
897 3239 980 3284 sera
990 3247 1096 3272 tenueo
1111 3236 1146 3269 al
1159 3235 1267 3286 cfedi-

326 3297 396 3320 zore
410 3288 446 3321 di
460 3288 520 3335 effa
531 3289 692 3335 satisfare
707 3287 800 3321 della
814 3297 898 3319 vera
907 3288 1014 3333 sorte,
1032 3284 1067 3321 ό
1081 3285 1266 3332 ognispesa,

327 3335 449 3368 damno
464 3361 473 3375 ,
490 3336 523 3372 ἐν
536 3335 690 3382 imereffe.

382 3382 423 3416 Er
437 3385 468 3416 in
484 3385 614 3429 ciascun
637 3384 711 3430 caso
735 3382 772 3416 di
799 3382 877 3424 lite,
905 3382 1081 3428 questione,
1106 3380 1123 3415 ὁ
1142 3391 1267 3415 contro-

327 3429 433 3476 verfia
449 3430 561 3473 chesta
574 3441 634 3477 per
646 3443 810 3466 occorrere
821 3442 882 3479 per
896 3440 985 3465 conto
996 3428 1033 3463 di
1045 3430 1135 3463 dene
1152 3429 1268 3463 lettere

328 3477 366 3512 di
380 3476 530 3517 Cambio,
558 3489 618 3512 uon
634 3479 756 3525 poffano
769 3505 779 3520 ,
797 3482 865 3513 mai
880 3480 1061 3524 comparire
1082 3502 1091 3518 ,
1102 3477 1174 3522 nefi
1190 3476 1268 3511 deb·

326 3524 411 3561 bano
426 3535 615 3559 ammettere
634 3530 665 3559 in
680 3527 779 3561 alcun
793 3526 887 3561 modo
899 3528 1113 3560 Procuratore
1125 3549 1135 3563 ‚
1148 3534 1267 3559 eccetto

325 3573 384 3608 che
403 3572 485 3606 nelli
503 3570 585 3618 cast,
605 3584 644 3607 ne
662 3576 674 3606 i
690 3574 781 3620 quali
797 3575 812 3608 ἐ
823 3573 972 3622 permeffo
983 3584 1042 3619 per
1061 3573 1088 3605 li
1106 3570 1268 3618 dettista-

323 3623 388 3655 tuti
403 3621 545 3668 deifero
559 3620 598 3655 di
615 3623 788 3656 Mercasm·
808 3624 861 3656 nel
881 3631 1019 3657 trattato
1037 3619 1132 3655 della
1153 3619 1269 3654 teum

669 111 1024 201 Sigismundi
1035 113 1285 179 'Scacciae
1297 109 1500 172 Tra&
1514 108 1590 171 de
1617 66 1915 185 Comnier.

1298 201 1336 235 di
1358 202 1505 242 Cambio,
1529 201 1563 237 ό*
1583 214 1641 236 con
1657 200 1760 248 quelli
1785 200 1892 240 modi,
1912 199 1945 236 65
1964 209 2020 232 con
2037 196 2145 246 quelle
2157 208 2234 231 con·

1299 250 1416 282 ditioni
1440 250 1497 283 che
1517 252 1550 282 in
1575 249 1664 283 detto
1693 247 1845 282 Trasrato
1857 249 1888 293 fi
1903 249 2092 295 coritingaiio
2114 255 2234 293 quanto

1289 296 1388 343 adeffi
1409 299 1620 331 Procuratori
1633 322 1642 338 ‚
1668 296 1703 332 Θ
1733 309 1795 331 non
1819 298 2008 329 altri-neme
2029 307 2069 328 ne
2093 298 2127 329 in
2144 294 2240 328 altri

1297 345 1372 384 cali.

1342 393 1386 426 Et
1402 393 1436 437 se
1453 403 1512 438 per
1525 403 1613 427 conto
1633 392 1670 425 di
1692 391 1777 426 deni
1796 390 1924 426 cambii
1947 391 2032 425 reali
2055 390 2236 439 occorrfflse-

1293 452 1328 474 ro
1345 442 1399 474 liti
1411 467 1419 479 ,
1441 441 1457 474 o'
1475 442 1628 487 questioni
1645 445 1678 473 in
1702 440 1800 473 alcun
1819 441 1914 485 ufir,
1930 440 1986 473 del
2005 441 2103 486 quale
2119 439 2235 481 nonlia

1290 489 1432 535 provisio
1447 499 1505 534 per
1524 489 1550 522 li
1563 489 1703 534 presenti
1729 487 1892 535 Capitoli:
1919 493 1951 522 in
1976 488 2027 521 tal
2046 491 2120 534 caso
2143 489 2167 527 li
2185 490 2234 531 sta

1293 537 1355 570 all’
1371 536 1509 570 arbitrio
1525 535 1582 570 del
1597 535 1756 576 Giudice,
1780 535 1815 572 (θ’
1833 537 1956 581 Consolt'
1976 537 2012 570 di
2036 535 2123 570 detto
2143 537 2212 579 foro
2228 563 2235 574 .

1296 584 1312 619 ὁ
1329 584 1423 619 della
1439 587 1588 632 maggior
1600 594 1696 631 parte
1711 584 1748 617 di
1763 585 1846 618 lero:
1873 587 1936 618 Ma
1951 589 1981 617 in
1995 588 2072 618 tutti
2092 585 2119 618 li
2132 587 2235 633 sopra

1288 634 1402 679 scritti
1423 632 1487 673 cafi
1505 632 1608 667 dobba
1626 632 1804 679 procedere
1811 633 1894 677 fare
1914 633 2074 679 offervare
2088 658 2098 672 ,
2122 634 2237 682 giudi-

1297 693 1375 715 care
1388 707 1398 721 ,
1422 681 1457 717 (ΞΥ
1472 682 1614 728 esegteire
1627 679 1761 721 secondo
1779 681 1814 714 la
1830 681 2028 728 dispofitione
2045 682 2087 714 de
2098 683 2239 727 presenti

1299 728 1459 776 Capitoli,
1482 729 1516 764 ὠ
1530 740 1589 762 non
1603 727 1738 774 secondo
1751 729 1906 774 ilstatmo
1919 729 1957 762 di
1977 729 2066 763 detto
2077 731 2156 776 foro
2174 743 2182 765 :
2203 730 2238 766 (θ’

1300 777 1336 810 la
1358 779 1540 811 mercantia
1552 803 1562 818 ,
1583 777 1669 810 dove
1681 775 1705 816 fi
1716 788 1822 811 traua
1844 777 1935 811 delle
1959 777 2074 812 lettere
2091 778 2128 812 di
2145 780 2241 813 Cam-

1300 825 1369 865 bio,
1397 828 1431 858 in
1448 836 1564 872 quanto
1582 823 1724 864 chestano
1743 825 1867 871 diverfi
1879 852 1886 864 ‚
1905 826 1921 859 ὀ
1947 829 2109 860 contrarii
2123 827 2171 860 ad
2192 825 2242 873 effi

1301 873 1465 921 Capitoli:
1487 885 1542 906 ma
1556 872 1611 907 nel
1629 872 1708 919 resto
1733 873 1935 922 rimanghino
1953 875 2164 920 dettistatuti
2188 875 2243 909 nel

1292 923 1357 968 suo
1370 921 1503 968 pristino
1519 924 1644 968 vigore,
1659 922 1692 958 (ς’
1706 922 1895 969 qffervanza
1911 947 1920 962 ,
1935 921 1993 967 cosi
2004 925 2094 956 circa
2108 923 2141 956 le
2154 923 2244 957 dette

1303 970 1419 1004 lettere
1434 969 1472 1002 di
1492 969 1639 1010 cambio,
1668 968 1703 1005 ὢ
1721 971 1813 1004 circa
1827 969 1853 1002 11·
1860 972 1974 1016 scritti
1985 973 2115 1016 privati
2125 997 2135 1010 ,
2160 984 2248 1005 come

1303 1029 1424 1052 ancora
1444 1020 1480 1052 in
1501 1028 1584 1061 tque
1600 1016 1701 1064 lesue
1717 1017 1805 1051 altre
1823 1021 1928 1064 parti,
1945 1018 1979 1054 ὠ
1996 1019 2244 1065 maffimameme

1306 1068 1338 1100 in
1356 1067 1433 1099 tutti
1451 1065 1598 1113 iluoghi‚
1616 1067 1700 1099 dove
1722 1065 1745 1105 li
1758 1065 1861 1112 parla
1875 1066 1969 1100 delia
1983 1068 2076 1101 Jun's
2095 1066 2246 1108 dictione,

1307 1113 1342 1150 ὁ
1357 1112 1505 1158 Podesta,
1526 1116 1542 1147 ὀ
1554 1113 1612 1146 del
1628 1112 1780 1155 Gtudice,
1798 1114 1814 1148 ὀ
1828 1113 1871 1146 de
1887 1117 1899 1146 i
1913 1116 2036 1160 consoli
2051 1141 2060 1156 ‚
2086 1116 2102 1149 ὀ
2118 1119 2244 1162 iSopra

1306 1162 1441 1208 Consolt',
1460 1161 1476 1194 ὀ
1494 1161 1531 1195 di
1549 1162 1721 1194 statuiieri
1743 1165 1776 1195 in
1793 1162 1976 1209 qualunque
1989 1164 2083 1197 modo
2092 1159 2131 1205 ,ὁ
2145 1165 2247 1212 caasa

1304 1222 1364 1243 non
1380 1209 1497 1255 ostante
1511 1209 1589 1255 qual
1594 1208 1625 1253 st
1639 1211 1752 1258 voglia
1775 1212 1847 1257 cosa
1866 1215 1900 1244 in
1915 1214 2088 1246 contrario.

1355 1258 1452 1301 Quae
1469 1257 1608 1304 quidem
1628 1257 1753 1292 statuta
1769 1258 1883 1292 dile&
1909 1257 1969 1291 filii
1993 1259 2144 1301 joannes
2160 1259 2249 1307 Bap-

1307 1304 1382 1340 tista
1401 1305 1511 1340 Dorta
1524 1305 1680 1340 Camerae
1703 1305 1919 1351 Apostolicae
1937 1305 2124 1342 Praei'idens
2140 1307 2248 1343 Cleri-

1306 1365 1385 1395 cus,
1407 1355 1440 1387 &
1456 1352 1637 1388 modernus
1652 1352 1752 1399 ipfius
1776 1351 2167 1392 Civi‘tatisssGubernator
2180 1381 2191 1395 ‚
2207 1367 2248 1391 ac

1307 1401 1551 1447 Quadraginta
1570 1399 1826 1436 Reformatores
1847 1403 1950 1437 flatus
1973 1403 2124 1438 liberatis
2145 1404 2247 1440 distae

1306 1451 1469 1485 Civitatis
1488 1461 1569 1490 rata,
1588 1452 1620 1484 ὄι
1637 1461 1732 1495 grata
1751 1449 1950 1486 habuerunt.
2109 1476 2111 1478 -

1356 1499 1445 1533 Cum
1464 1509 1577 1532 autem
1587 1497 1688 1531 iidem
1707 1498 1920 1534 mercatores
1932 1498 2073 1545 cupiant
2084 1499 2248 1547 praemissa

1308 1547 1431 1581 statuta
1448 1558 1510 1593 pro
1533 1545 1667 1580 illorum
1689 1546 1889 1581 subsistentia
1909 1546 2049 1582 firmiori
2069 1550 2249 1596 Apostoli-

1308 1607 1361 1630 cae
1378 1593 1643 1630 confirmationis
1658 1594 1842 1630 munimilse
1866 1596 2031 1631 roborari.

1358 1643 1392 1678 N
1410 1656 1436 1677 *s
1452 1643 1578 1689 igitur,
1606 1641 1911 1690 qui'quarumlibet
1934 1643 2143 1686 Civitatum,
2161 1656 2252 1691 prae-

1308 1691 1417 1726 serii-22
1441 1691 1576 1731 Nobis⁷
1601 1691 1634 1724 ὃς
1654 1691 1874 1736 Apostolicae
1892 1691 1974 1726 Sedi
1990 1694 2166 1740 temporali
2183 1694 2246 1728 do-

1311 1740 1413 1774 mimo
1433 1739 1625 1773 immediate
1652 1737 1873 1785 subJ'eflarum
1891 1766 1902 1781 ‚
1926 1752 2158 1776 ornamentum
2174 1768 2185 1784 ,
2215 1742 2250 1776 &

1310 1787 1441 1829 decus,
1472 1799 1512 1821 ac
1538 1786 1741 1826 utilitatem,
1770 1799 1937 1836 quantum
1959 1799 2037 1822 cum
2068 1788 2148 1824 Deo
2173 1788 2252 1837 pos·

1311 1838 1442 1877 sumus,
1470 1835 1611 1870 libenter
1628 1846 1851 1882 procuramus
1864 1862 1875 1877 ,
1901 1834 2063 1883 praefatos
2077 1837 2251 1873 Mercato-

1311 1896 1362 1918 τες
1377 1912 1386 1925 ,
1412 1895 1603 1931 eorumque
1624 1884 1772 1929 ungulos
1786 1911 1796 1925 ,
1824 1884 1844 1918 ὲ
1863 1883 2038 1932 quibusvis
2049 1896 2252 1921 ‚excommu-

1312 1932 1489 1968 nicationis
1501 1959 1510 1974 ,
1530 1931 1765 1978 suspensionis,
1781 1935 1813 1968 ὅ(
1826 1932 1993 1967 ἰηῑεῐάιᾶἰ
2006 1959 2016 1974 ,
2031 1932 2170 1981 aliisque
2185 1933 2252 1970 Ec-

1312 1981 1500 2016 cleiiaincis
1522 1979 1713 2022 sententiis,
1738 1980 1904 2023 censuris,
1928 1982 1962 2017 ὅ(
1983 1981 2094 2027 poenis
2115 1982 2133 2016 ἐι
2154 1983 2252 2028 jure,

1313 2030 1368 2065 vel
1387 2030 1428 2063 ab
1451 2027 1608 2070 homine,
1635 2028 1755 2075 quavis
1775 2029 1970 2070 occafioue,
1990 2030 2043 2063 vel
2058 2031 2156 2064 causa
2173 2030 2252 2071 litis,

1313 2078 1334 2111 fi
1357 2078 1483 2125 quibus
1504 2076 1770 2125 quomodolibet
1794 2077 1946 2113 innodati
1962 2077 2108 2116 existunt
2123 2105 2132 2118 ,
2147 2079 2190 2114 ad
2206 2078 2253 2113 ef-

1311 2126 1436 2161 festum
1455 2123 1670 2170 praesentium
1695 2123 1869 2161 dumtaxat
1893 2127 2170 2174 consequendum
2196 2127 2253 2161 ha-

1312 2185 1385 2210 rum
1409 2172 1489 2208 serie
1504 2172 1717 2208 absolventes
1736 2200 1746 2215 ‚
1773 2174 1807 2208 δε
1823 2173 1998 2210 absolutos
2028 2173 2102 2208 sore
2118 2173 2253 2209 censen-

1313 2233 1383 2258 tes:
1400 2221 1506 2256 Motu
1521 2221 1679 2268 proprio,
1697 2234 1765 2257 non
1779 2222 1822 2257 ad
1839 2221 1983 2269 ipsorum
2001 2221 2252 2264 Mercatorum‚

1313 2271 1367 2305 vel
1394 2269 1582 2316 cujuslibet
1611 2267 1759 2316 ipsorum
1779 2270 1892 2305 Nobis
1914 2270 2012 2316 super
2036 2271 2104 2306 hoc
2124 2271 2252 2307 oblatae

1314 2318 1492 2365 petitionis
1509 2317 1693 2352 instantiam
1709 2345 1718 2359 ‚
1746 2317 1802 2353 sed
1818 2319 1862 2353 de
1878 2330 1968 2353 mera
1987 2318 2254 2363 deliberaiione,

1314 2369 1348 2402 δε
1366 2379 1404 2401 ex
1426 2377 1518 2401 certa
1542 2365 1678 2400 scientia
1701 2366 1821 2401 nostris
1850 2366 2042 2413 praeinserta
2066 2367 2255 2413 Capitula',

1314 2427 1354 2450 ac
1375 2424 1478 2462 prout
1502 2413 1557 2448 illa
1579 2415 1935 2456 concernuntomnia‚
1965 2416 1999 2450 δε
2014 2415 2141 2462 singula
2160 2416 2192 2450 in
2207 2415 2256 2450 in‘·

1315 2464 1523 2504 strumento,
1551 2462 1605 2497 seu
1627 2461 1851 2497 instrumentis
1873 2472 1932 2498 aut
1953 2464 2180 2506 documentis,
2197 2463 2258 2509 [eu

1316 2511 1487 2559 scripturis
1508 2510 1670 2557 publicis,
1697 2522 1756 2545 aut
1772 2510 1910 2558 privatis
1935 2511 1980 2546 de
2002 2510 2101 2558 super
2116 2510 2257 2548 confec-

1317 2561 1378 2600 tis,
1406 2570 1588 2600 contenta,
1612 2560 1649 2600 δε,
1662 2559 1742 2594 inde
1757 2560 1873 2594 secuta
1889 2571 2134 2607 quaecunque,
2166 2560 2259 2595 licita

1317 2619 1427 2643 tamen
1441 2634 1450 2647 .
1474 2609 1508 2642 &
1522 2607 1673 2649 honesta,
1690 2608 1894 2654 Apostolica
1911 2608 2113 2643 austoritate
2127 2635 2137 2649 ,
2163 2619 2266 2643 teno-·

1319 2668 1354 2691 re
1372 2654 1586 2703 praesentium
1605 2667 1776 2702 perpetuo
1800 2659 2048 2702 approbamus:
2079 2657 2113 2691 &
2132 2656 2259 2692 confin-

1319 2716 1466 2746 mamus,
1493 2715 1533 2737 ac
1549 2703 1612 2738 illis
1629 2714 1826 2750 perpetuae,
1850 2705 1884 2738 ὅ(
1899 2703 2106 2739 inviolabilis
2124 2704 2259 2740 firmita-

1318 2753 1362 2788 tis
1381 2753 1485 2787 robur
1500 2750 1685 2798 adjicimus
1703 2751 1933 2798 omnesque&
1953 2752 2100 2799 singulos
2119 2751 2210 2796 Juris
2223 2753 2259 2788 δι

1318 2800 1412 2835 Fasti
1425 2828 1434 2842 ‚
1458 2811 1499 2835 ac
1516 2799 1761 2835 solemnitatum
1775 2799 1928 2835 defeetus
1941 2826 1951 2842 ,
1968 2801 1993 2835 si
2008 2800 2070 2848 qui
2085 2799 2194 2836 forsan
2208 2799 2259 2836 in-

1320 2848 1526 2884 tervenerint
1543 2848 1575 2882 in
1595 2846 1738 2889 eisdem,
1761 2847 1966 2896 supplemus·
2032 2853 2034 2858 '

1369 2897 1521 2933 Necnon
1535 2895 1589 2930 illa
1606 2896 1730 2937 omnia,
1747 2897 1780 2932 <sc
1792 2896 1922 2944 singula
1931 2895 2104 2942 Capitula,
2116 2895 2201 2931 acin
2213 2894 2262 2931 eis

1319 2955 1494 2986 contenta,
1515 2944 1548 2978 ὅ(
1558 2943 1862 2986 confirmationem,
1876 2941 2154 2991 approbationem
2166 2945 2263 2992 adJe-

1320 2995 1467 3029 ctionem
1483 3019 1493 3034 ,
1519 2991 1767 3039 suppletionem
1792 2992 1987 3039 hujusmodi
2007 2991 2274 3045 praesentesque

1322 3041 1555 3082 litteras,nullo
1571 3051 1720 3088 unquam
1733 3050 1896 3087 tempore,
1906 3052 2033 3088 quovis
2046 3040 2193 3088 quaefito
2203 3051 2264 3075 co-

1321 3092 1403 3131 lore,
1422 3089 1476 3124 vel
1490 3088 1629 3134 ingenio
1646 3088 1690 3123 de
1705 3087 1942 3135 subreptionis,
1966 3089 2020 3126 vel
2037 3087 2260 3136 obreptionis,

1320 3148 1380 3174 aut
1395 3137 1558 3172 nullitatis
1569 3162 1578 3177 ,
1593 3136 1705 3171 aliove
1720 3135 1828 3178 vitio,
1843 3136 1899 3171 seu
1909 3137 2110 3172 intentionis
2125 3136 2261 3177 noflrae,

1320 3198 1377 3221 aut
1392 3185 1526 3232 copiam
1542 3184 1610 3219 alio
1629 3184 1764 3220 defectu
1780 3184 1902 3225 notari,
1918 3185 1972 3219 vel
1985 3183 2174 3231 impugnari
2184 3181 2262 3231 pos-

1320 3233 1364 3270 se.
1379 3234 1508 3280 Neque
1518 3231 1579 3268 sub
1594 3231 1771 3280 quibusvis
1783 3232 2070 3275 alternationibus,
2088 3231 2262 3267 limitatio-

1320 3283 1429 3324 mbus,
1445 3280 1729 3320 revocationibus,
1746 3281 2042 3328 derogationibus,
2057 3281 2111 3315 vel
2128 3279 2261 3326 suspen-

1321 3329 1580 3370 sionibus,etiam
1590 3330 1609 3363 ὲ
1623 3328 1784 3370 Nobis,&
1793 3329 1885 3363 Sede
1893 3328 2034 3376 praefata
2048 3328 2186 3370 nunc‚&
2197 3337 2261 3372 pro

1321 3390 1476 3426 tempore
1491 3376 1648 3412 emanatis
1657 3377 1921 3422 comprehendi,
1941 3376 1996 3412 sed
2008 3376 2134 3422 semper
2141 3375 2184 3408 ab
2198 3374 2263 3409 illis

1323 3429 1493 3474 (excepta
1502 3451 1512 3467 ‚
1528 3427 1562 3460 ὅ(
1575 3425 1715 3472 quoties
1729 3424 1796 3460 inae
1808 3427 2023 3466 emanabant,
2035 3424 2139 3459 toties
2151 3421 2184 3456 in
2197 3422 2264 3468 pris

1321 3475 1443 3509 ninum
1458 3473 1626 3517 statuum&
1639 3472 1754 3508 denuo
1766 3474 1864 3509 etiam
1876 3472 1936 3507 sub
1950 3472 2135 3520 posteriore
2144 3469 2263 3505 datum

1322 3533 1382 3569 per
1398 3522 1613 3557 Mercatores
1626 3519 1787 3566 praefatos
1800 3519 1966 3567 eligenda,
1982 3518 2152 3559 concessa,
2164 3519 2199 3554 δε
2209 3517 2264 3553 ῆτδ

1322 3582 1374 3604 ma
1386 3580 1556 3618 perpetuo
1570 3568 1691 3610 valida,
1710 3570 1744 3604 &
1760 3569 1909 3604 efficacia
1921 3566 1996 3609 effe,
2008 3579 2049 3602 ac
2064 3566 2190 3602 censeri
2204 3593 2213 3605 ‚
2228 3565 2264 3601 ἅ

1322 3617 1408 3662 sore,
1427 3617 1577 3664 suosque
1589 3615 1759 3664 plenarios
1778 3619 1813 3653 δι
1825 3618 1982 3662 integros.
1990 3614 2129 3657 effeetus
2141 3613 2263 3656 sortiri,

2222 3671 2264 3697 ac
