2400 3939
191 3565 252 3610 285

227 284 329 318 Card.
356 283 484 317 Lndov.
509 284 541 314 in
562 281 743 314 recollectis
759 291 817 326 per
836 279 946 312 Statil.
966 277 1074 322 Pacis.
1093 275 1191 326 Surd3

227 331 317 373 consi.
346 343 421 375 ¹45·
437 331 554 377 scipio.
579 341 664 363 num.
683 340 717 368 4.
739 328 796 361 lib.
830 339 857 359 1.
882 327 939 359 ubi
959 326 1003 358 de
1023 334 1193 359 communi

230 373 392 426 opinione
414 390 421 412 :
442 380 474 412 ὅ(
496 378 528 410 in
547 377 620 411 casu
637 375 740 422 hujus
761 373 912 408 ceffionis
927 401 936 415 ‚
954 384 1036 419 quae
1054 372 1100 404 el‘t
1117 382 1193 416 pro-

228 428 301 474 prie
323 426 497 473 delegatio
515 451 524 463 ,
550 424 676 457 cedens
692 450 701 463 ‚
718 423 776 456 seu
798 421 957 467 delegans
982 419 1108 456 dicitur
1132 418 1194 454 sol-

231 487 311 510 vere
326 501 335 516 ,
355 487 435 523 qnia
457 472 627 518 delegatio
644 471 681 506 fit
702 482 761 518 per
777 481 996 504 novationem
1012 496 1020 508 ,
1040 479 1078 502 ut
1099 467 1192 509 dixi,

146 518 212 552 ²82
230 526 256 570 †
272 525 306 558 δε
322 522 463 557 novatio
482 530 712 566 aequiparatur
733 517 895 552 solutioni
914 545 921 559 ,
944 517 1037 564 Gloff.
1053 518 1086 549 in
1103 515 1192 550 rubr.

223 573 267 620 ff.
287 572 328 605 de
342 572 436 617 solut.
457 571 490 604 &
508 569 666 614 delegans
680 566 806 601 dicitur
828 565 957 602 solvere
971 577 1036 612 ’⁴¹¹‘
1053 576 1092 598 ex
1111 565 1194 600 Dec.

231 620 302 655 dixi
327 612 378 653 hic
397 621 523 665 fupra3
546 616 580 650 ὅ(
604 615 701 662 quod
721 613 894 659 delegatio
921 613 957 648 sit
983 612 1092 647 similis
1110 612 1196 646 (olu-

233 667 319 704 tioni
335 694 344 707 ,
371 668 404 700 ὅ(
429 665 528 699 cedat
553 667 627 711 ejus
653 664 733 698 loco
751 688 760 702 ,
788 661 873 697 dicit
897 662 992 696 Surd.
1013 660 1195 705 d.dec.23.

233 716 424 752 creditores.
449 726 534 747 num.
568 724 596 745 1.
617 715 650 746 δε
669 711 748 745 ideo
773 710 934 756 delegans
960 709 1101 756 amplius
1129 720 1197 743 non

235 764 334 812 poffit
366 761 530 796 molestari
552 787 562 800 ,
592 760 690 794 etiam
715 758 736 792 ii
759 768 938 804 contingat
965 784 975 798 ,
1004 757 1199 803 delegatum

236 810 383 847 deficere
399 809 614 844 facultatibus
632 835 641 849 ,
662 806 742 854 quia
770 806 853 840 fasta
871 806 1089 852 delegatione
1104 831 1113 846 ,
1133 804 1201 840 fuit

235 859 343 895 statim
369 858 528 893 liberatus
554 857 624 902 ipso
650 859 725 904 jure
741 882 750 896 ‚
783 854 866 889 dicit
894 856 992 890 Surd.
1015 854 1049 887 d.
1066 853 1200 898 dec-23.

237 921 323 943 num.
342 920 373 952 3.
391 919 424 948 4.
444 906 477 942 (5
496 907 528 939 8.
553 915 658 953 quate
682 903 703 937 fi
723 902 872 938 creditor
889 913 1046 948 acceptat
1065 900 1201 946 delega-

239 956 366 991 tionem
383 981 393 995 ‚
418 954 553 988 debitor
578 980 586 993 ,
612 953 672 1000 qui
696 951 867 996 delegavit
896 977 906 991 ‚
943 951 1112 985 liberatur
1128 953 1201 985 Rot.

239 1005 382 1038 Geittien.
411 1003 484 1038 dec.
502 1004 559 1036 60.
582 1004 615 1035 in
634 1002 732 1045 caiisa
760 1000 932 1048 Sihephani
969 1012 1054 1032 num.
1087 1010 1141 1033 10.
1171 1001 1204 1031 in

231 1052 301 1097 fine
320 1052 355 1088 (J
372 1064 456 1085 num.
496 1063 546 1084 11.
571 1061 610 1083 ac
636 1049 656 1082 fi
686 1047 829 1082 solvisset
855 1050 995 1082 Μωιιίε.
1022 1047 1056 1081 d.
1075 1056 1147 1093 cap.
1169 1058 1203 1090 9.

240 1113 362 1135 numer.
387 1112 443 1146 79.
477 1103 509 1132 in
536 1097 600 1137 fine
623 1124 633 1138 ,
658 1097 692 1132 (Τ
717 1108 838 1130 mimer.
868 1096 923 1129 80.
947 1096 981 1131 (ς’
1008 1097 1092 1129 Dec.
1121 1096 1204 1141 cons}

242 1161 298 1193 99.
329 1151 362 1181 in
389 1149 488 1191 causa
510 1146 576 1194 sub
601 1156 730 1179 numero
765 1154 891 1190 quarto.
927 1144 1088 1190 quoniam
1121 1143 1205 1177 dici-

242 1207 298 1231 tur
329 1195 398 1229 fieri
424 1194 673 1240 delegationem
692 1218 701 1232 ‚
727 1191 865 1238 quando
896 1191 1031 1227 debitor
1063 1192 1206 1237 promit-

241 1244 285 1279 tit
312 1256 375 1290 pro
398 1243 567 1277 creditore
593 1243 637 1276 de
663 1240 840 1274 voluntate
865 1240 1043 1274 creditoris
1066 1266 1074 1281 ,
1104 1242 1137 1275 ὃς
1163 1240 1208 1272 fic

243 1291 413 1338 promittit
427 1317 437 1332 ‚
453 1299 610 1337 tanquam
629 1288 763 1322 debitor
781 1288 968 1334 delegantis
984 1315 991 1328 ,
1009 1291 1206 1322 Pasisaeonr.

160 1348 225 1394 283
251 1353 325 1393 107.
344 1343 507 1387 quoerirur.
527 1351 611 1371 num.
627 1350 681 1372 20.
704 1337 738 1373 (ἵ
758 1349 810 1369 2«.
835 1337 929 1381 [ὥς.
950 1338 976 1382 †
1000 1337 1032 1370 δε
1054 1335 1134 1370 ideo
1153 1337 1180 1370 is
1198 1362 1207 1376 ,

245 1399 307 1436 qm
333 1387 493 1422 cedendo
517 1412 528 1426 ,
557 1386 753 1432 delegavit,
779 1397 844 1418 non
865 1395 998 1420 tenetur
1025 1385 1066 1418 ad
1099 1385 1182 1418 illud
1199 1411 1208 1425 ‚

244 1447 345 1484 quam
366 1435 408 1470 ad
424 1434 668 1470 ostendendum
699 1433 885 1467 debitorem
903 1432 1097 1479 delegatum
1116 1431 1211 1467 fitisl‘e

243 1496 324 1518 vere
342 1511 352 1524 ‚
380 1484 414 1518 ὃς
441 1482 623 1517 efficaciter
649 1482 834 1515 debitorem
862 1480 1051 1526 delegantis
1078 1508 1087 1522 ,
1115 1481 1210 1526 juxta

244 1544 282 1566 ea
309 1544 392 1581 qua:
417 1531 564 1566 scribunt
590 1533 643 1566 Jo.
674 1530 786 1563 Andr.
814 1532 847 1563 in
870 1529 981 1563 addit.
1005 1529 1052 1562 ad
1082 1530 1210 1575 Specttl.

244 1582 333 1616 titul.
356 1579 398 1613 de
419 1580 485 1627 ceff.
507 1580 570 1613 ati.
596 1581 626 1624 ξ.
651 1590 680 1611 ι.
698 1590 783 1611 num.
809 1590 863 1610 22.
881 1579 912 1611 in
932 1578 1031 1611 verbo
1046 1604 1054 1615 ,
1078 1590 1211 1618 tutores,

246 1631 361 1676 versus
379 1628 476 1672 finem
494 1654 503 1668 ,
529 1628 629 1661 litera
653 1627 692 1659 B.
719 1627 752 1660 ὃς
774 1626 871 1660 latius
890 1625 1002 1660 Franc.
1029 1625 1211 1671 Bet-,consth

249 1687 329 1721 105.
347 1678 500 1712 Ioannes.
520 1675 670 1720 n.13.18.
682 1686 732 1717 ¹9·
749 1674 855 1720 &sub
870 1686 982 1719 ⁷³21·35·
1000 1674 1083 1707 libro
1098 1677 1213 1718 primo.

246 1724 363 1758 dicens
378 1751 388 1766 ‚
412 1724 510 1771 quod
538 1723 688 1758 vendens
704 1748 712 1761 ‚
736 1722 817 1757 dans
839 1722 871 1755 in
894 1721 1039 1756 solutum
1055 1747 1064 1762 ,
1081 1722 1134 1755 seu
1153 1722 1212 1756 de-

246 1773 363 1819 legans
380 1784 499 1806 nomen
523 1771 685 1807 debitoris
701 1796 710 1810 ‚
735 1782 803 1804 non
824 1781 957 1804 tenetur
981 1770 1137 1816 praestare
1155 1771 1214 1804 de-

247 1821 393 1856 bitorem
419 1820 626 1865 locupletem
643 1845 653 1859 ,
673 1818 726 1852 sed
750 1818 853 1853 solum
875 1845 884 1859 ‚
909 1829 983 1852 enm
1005 1817 1070 1852 elle
1098 1831 1215 1852 verum

247 1868 438 1903 debitorem
456 1895 466 1909 ,
483 1869 515 1902 ὅ(
535 1867 714 1902 efficaciter
737 1867 926 1913 obligatum
946 1893 956 1906 ,
977 1867 1010 1900 8(
1029 1867 1071 1900 sic
1093 1866 1216 1900 debere

248 1918 407 1964 praessare
422 1943 431 1957 ,
456 1915 488 1950 se
512 1915 576 1950 esse
602 1915 803 1950 creditorem
827 1927 904 1949 cum
929 1913 1074 1956 effectu,
1098 1916 1132 1950 ὃς
1150 1915 1216 1948 fine

249 1965 452 2011 exceptione
467 1976 479 2007 ;
493 1977 562 2000 non
579 1975 691 1999 autem
707 1962 818 1998 facere
836 1975 910 1996 eum
931 1964 1059 1998 bonum
1077 1990 1086 2004 ,
1105 1964 1142 1997 id.
1156 1962 1214 2004 est,

249 2012 315 2047 effe
338 2013 501 2047 solvendo
519 2042 528 2052 ,
543 2013 621 2059 quia
639 2022 773 2046 tenetur
788 2011 900 2046 facere
916 2012 1041 2045 bonurn
1058 2012 1101 2046 de
1117 2012 1214 2057 jure.

247 2061 284 2095 id
304 2062 350 2096 est
366 2087 375 2101 ,
402 2061 593 2107 obligatum
614 2060 679 2094 else
699 2086 707 2100 ‚
731 2072 800 2094 non
822 2071 936 2094 autem
963 2060 1006 2094 de
1033 2059 1121 2095 faeto
1145 2087 1154 2102 ,
1181 2059 1216 2093 id

249 2110 297 2151 est
320 2109 486 2144 solvendo
512 2109 578 2143 else
591 2136 601 2150 ,
619 2108 716 2143 sard.
732 2110 814 2153 cons.
826 2109 1009 2155 penult.42.
1032 2109 1109 2153 visis
1128 2122 1215 2146 num.

254 2158 307 2201 14'.
326 2161 359 2192 in
376 2157 438 2196 fine
452 2184 461 2199 ‚
486 2159 520 2195 o
542 2168 690 2201 num.i5.
715 2155 798 2190 libro
820 2159 926 2190 tertio.
951 2156 1069 2190 dicens
1086 2183 1095 2198 ,
1118 2156 1216 2205 quod

249 2207 273 2241 fi
289 2206 440 2241 creditor
459 2217 614 2253 acceptat
629 2205 649 2240 a
671 2204 732 2238 suo
759 2204 917 2239 debitore
934 2216 1057 2239 nomen
1081 2205 1217 2241 debito-

250 2254 295 2290 ris
308 2254 341 2288 in
362 2254 510 2289 solutum
524 2281 534 2294 ,
556 2254 614 2288 fibi
633 2252 837 2300 praejudicat
852 2279 862 2293 ,
878 2252 977 2287 etiam
1002 2253 1024 2286 fi
1051 2266 1118 2288 non
1137 2252 1218 2289 esset

249 2302 416 2338 solvendo
445 2328 455 2343 ,
480 2304 561 2351 quia
589 2303 622 2336 in
646 2299 753 2348 ipsum
780 2300 929 2336 transivit
962 2312 1062 2335 omne
1084 2301 1217 2348 pericu-

250 2351 321 2386 lum
339 2378 350 2393 ‚
369 2352 403 2386 δε
423 2350 549 2386 dicitur
569 2351 627 2398 ipsi
651 2348 851 2383 latisfaclmm
872 2376 882 2390 ,
904 2350 938 2383 δε
956 2348 1101 2390 sufficit,
1119 2350 1217 2397 quod

250 2398 377 2435 cedens
399 2411 523 2434 nomen
546 2398 711 2434 debitoris
726 2424 734 2438 ,
755 2396 892 2445 praestet
908 2397 1000 2431 illum
1021 2396 1086 2431 effe
1103 2410 1218 2432 verum

250 2448 440 2484 debitorem
472 2475 480 2487 ,
512 2449 546 2482 &
581 2446 762 2482 efficaciter
794 2446 983 2492 obligatum
1014 2472 1024 2487 ‚
1058 2459 1129 2480 non
1160 2459 1219 2481 au-

250 2507 319 2531 tem
349 2506 486 2532 tenetur
517 2497 674 2544 praestare
698 2521 707 2534 ,
744 2495 836 2529 illum
875 2493 939 2528 eise
976 2494 1183 2541 locupletem
1207 2522 1216 2536 ,

251 2546 286 2580 &
317 2545 482 2580 solvendo
510 2571 519 2584 ,
550 2547 584 2579 ὅς
611 2545 754 2589 imputet
781 2543 837 2576 libi
869 2542 930 2590 qui
966 2544 1159 2589 acceptavit
1188 2542 1221 2577 in

252 2591 401 2628 solutum
423 2619 433 2634 ,
467 2594 501 2628 δε
534 2593 565 2627 se
593 2592 685 2639 prius
718 2603 788 2626 non
818 2590 1012 2626 informavit
1039 2617 1048 2632 ‚
1075 2603 1115 2625 an
1140 2590 1221 2626 esset

254 2640 433 2676 solvendo.

173 2699 244 2743 284
306 2690 352 2726 Et
376 2689 437 2724 isse
460 2689 595 2724 videtur
619 2689 714 2722 casus
733 2715 743 2730 ,
770 2688 814 2722 de
834 2700 907 2735 qno
931 2687 964 2721 in
990 2686 1101 2721 noslra
1125 2699 1243 2736 quaev

256 2740 364 2775 stione
380 2739 485 2782 posita
498 2740 604 2784 supra
623 2750 758 2779 mazam⁴
784 2749 865 2784 quta
888 2735 1067 2770 intervenit
1086 2738 1223 2771 conlen-

257 2788 312 2823 sus
332 2786 496 2822 debitoris
518 2785 591 2819 ceffi
608 2813 615 2819 ,
636 2785 690 2818 seu
708 2785 854 2830 delegati
872 2811 881 2821 ,
907 2787 940 2819 ὃς
957 2783 1137 2819 consensus
1153 2795 1224 2819 cre-

259 2835 381 2872 ditoris
397 2862 407 2877 ,
420 2847 472 2870 cni
490 2834 528 2869 fit
547 2832 646 2869 celiio
659 2859 668 2874 ‚
688 2835 722 2868 &
741 2832 908 2880 promissio
923 2845 982 2878 per
1000 2834 1144 2868 eundem
1162 2833 1223 2866 de-

258 2885 405 2919 bitorem
425 2883 616 2929 delegatum
633 2909 642 2922 ,
668 2883 702 2916 ὃς
725 2882 767 2915 lic
785 2882 874 2915 omni
897 2893 936 2914 ex
955 2892 1049 2926 parte
1064 2882 1110 2915 est
1130 2881 1225 2917 abso-

260 2934 332 2967 luta
353 2931 528 2978 delegatio
542 2957 552 2971 ‚
570 2941 629 2976 per
647 2942 748 2977 quam
770 2931 815 2963 est
842 2929 977 2964 mcliida
1001 2930 1143 2965 novatio
1160 2957 1169 2970 ,
1191 2932 1226 2964 ὅ(

262 2980 509 3027 consequenter
531 2979 683 3013 liberatio
699 2978 862 3012 debitoris
880 2977 1013 3013 cedenti
1029 3005 1037 3019 ,
1056 2977 1112 3012 seu
1134 2977 1225 3012 dele-

260 3029 373 3075 gantis
389 3055 397 3068 ,
423 3027 634 3067 dummodo,
659 3038 696 3062 ut
718 3026 784 3061 dixi
800 3052 809 3065 ,
833 3026 987 3060 ostendat
1002 3052 1010 3067 ,
1038 3025 1226 3062 debitorem

258 3075 387 3111 cessum
412 3075 508 3109 fuisse
531 3087 608 3109 vere
631 3078 704 3121 ejus
727 3074 917 3108 debitorem
937 3087 950 3117 ;
973 3075 1007 3109 δί
1032 3075 1176 3120 proinde
1195 3074 1227 3108 in

262 3125 410 3161 terminis
436 3126 558 3158 nollrae
585 3123 786 3171 quaellionis
811 3134 888 3156 vera
915 3124 961 3156 el‘t
988 3123 1092 3169 prima
1110 3123 1227 3169 opinio

263 3173 468 3213 affirmativa,
488 3171 546 3206 sol.
561 3174 618 3217 sub
633 3173 745 3206 eodem
762 3183 877 3211 n.244.
896 3171 930 3205 ὅ(
953 3170 1046 3219 quod
1062 3170 1083 3204 si
1102 3182 1227 3204 merca-

265 3221 331 3256 tori
356 3220 504 3256 debitori
529 3232 604 3254 meo
626 3219 802 3259 mandem,
830 3230 868 3253 ut
898 3219 1003 3254 solvat
1027 3217 1125 3266 quod
1149 3218 1229 3252 mihi

264 3269 367 3304 debet
383 3296 391 3309 ,
412 3268 524 3304 Lucio
539 3295 548 3308 ,
573 3278 811 3314 mei-catorque
834 3278 994 3314 acceptet
1010 3295 1020 3309 ,
1042 3269 1074 3301 ὅ(
1091 3267 1122 3301 in
1141 3266 1228 3302 libro

266 3315 415 3350 Lucium
438 3317 537 3351 faciat
567 3316 768 3351 creditorem
799 3342 807 3354 ‚
831 3314 938 3362 idque
958 3316 1123 3362 significet
1158 3313 1228 3350 Lu-

268 3365 325 3398 cio
339 3392 349 3403 ,
365 3366 398 3398 &
418 3365 472 3399 ille
492 3375 672 3412 acceptet,
694 3363 731 3398 sit
754 3363 838 3397 fasta
856 3365 1020 3405 novatio,
1043 3365 1077 3398 δε
1102 3375 1169 3409 ego
1193 3375 1231 3398 ea

268 3412 482 3458 promiffione
501 3412 556 3446 fim
580 3414 740 3448 liberatus
753 3438 763 3452 ,
784 3411 938 3458 quamvis
953 3425 1020 3446 non
1038 3413 1076 3446 sit
1093 3411 1230 3459 delega-

268 3460 319 3495 tio
332 3486 340 3498 ,
383 3461 437 3494 uia
451 3462 515 3494 line
533 3461 748 3508 stipulatione
770 3472 838 3494 non
853 3460 890 3494 lit
906 3461 1078 3507 delegatio
1092 3487 1100 3501 ,
1121 3460 1232 3507 sequi-

270 3518 328 3543 tur
341 3472 439 3543 lfiier.
455 3510 559 3543 Gabr.
574 3510 757 3553 consil.i55.
771 3508 924 3543 Iacobus.
935 3510 1026 3544 n.18.
1041 3509 1076 3544 (ΞΥ
1092 3509 1231 3550 19.Iib.t.

320 3556 465 3592 Declara
481 3583 490 3596 ‚
512 3558 609 3604 quod
631 3556 689 3591 etfi
713 3556 886 3604 delegatio
905 3556 960 3591 fiat
978 3556 1041 3590 illis
1060 3557 1164 3591 tribus
1185 3568 1232 3590 re-

271 3603 399 3651 quifitis
416 3632 424 3645 ‚
444 3616 525 3652 quae
539 3605 571 3638 in
590 3605 653 3638 illo
672 3603 820 3639 secundo
839 3604 916 3638 casn
935 3617 974 3639 ex
993 3605 1083 3639 Dec.
1108 3607 1142 3640 &
1165 3605 1234 3639 aliis

271 3652 408 3689 secutus
428 3653 496 3690 sum
519 3656 618 3699 supra
635 3654 694 3697 sub
717 3654 884 3688 num.281.
902 3655 935 3689 δε
955 3664 1036 3690 tunc
1059 3653 1234 3700 delegatio

611 169 963 269 Sigismundi
990 186 1235 242 Scacciae
1264 183 1463 242 Trao't.
1490 183 1564 242 de
1591 187 1885 264 Commer.

1242 273 1360 308 liberet
1383 274 1454 320 ipso
1477 277 1552 321 jure
1576 276 1788 320 delegantem
1803 301 1812 317 ‚
1836 287 1875 311 ut
1898 275 1966 311 dixi
1985 278 2103 312 71.282.'
2118 276 2216 312 etiam

1243 322 1266 356 si
1290 322 1426 357 debitor
1448 323 1566 358 dolote
1591 322 1774 369 deleg·illet
1799 349 1808 363 ,
1834 324 1912 371 quii
1936 334 2119 359 remaneret
2143 336 2215 359 cre-

1243 369 1348 405 ditori
1377 371 1464 405 aetio
1487 371 1531 405 de
1550 371 1634 406 dolo
1652 370 1751 405 Surd.
1780 372 1815 408 d.
1834 374 1906 408 dec.
1935 384 1991 417 23.
2020 373 2213 409 creditores.

1246 430 1370 460 ntim.4.
1397 422 1431 454 (9³
1454 431 1505 453 11.

1282 465 1423 501 'Tamen
1446 467 1470 500 st
1492 467 1523 500 in
1552 467 1758 514 delegatione
1773 467 1829 508 lint
1849 467 1993 516 appofita
2021 469 2116 514 pafla
2131 480 2213 503 con·

1242 514 1339 549 traria
1352 541 1362 555 ‚
1379 527 1448 549 non
1471 515 1605 550 dicetur
1619 516 1813 562 delegiti03
1834 527 1869 550 nt
1894 528 1975 562 puta
1990 543 1999 557 ,
2020 517 2042 550 si
2057 517 2137 552 esset
2154 528 2214 563 ap-

1243 562 1387 608 pofitum
1412 562 1544 609 paetum
1561 590 1570 604 ‚
1590 564 1689 610 quod
1706 565 1842 598 debitor
1859 563 2021 611 delegans
2037 575 2191 600 teneatur
2204 591 2214 605 ‚

1244 613 1372 645 bonum
1391 610 1502 645 facere
1522 623 1644 647 nomen
1659 611 1824 646 debitoris
1847 612 2020 659 delegati,
2042 614 2096 646 vel
2114 613 2217 660 quod

1243 658 1381 693 debitor
1407 659 1565 704 delegans
1590 672 1657 694 non
1685 660 1893 707 intelligatur
1916 688 1924 701 ‚
1953 672 2017 696 nec
2039 662 2077 695 fit
2095 661 2216 695 libera-

1245 717 1302 741 tus
1330 732 1339 747 ,
1367 707 1424 741 nifi
1450 707 1535 742 i'atta
1558 707 1675 743 aetuaii
1699 708 1869 743 solutione
1888 709 1907 743 a
1933 709 2094 755 delegato
2118 735 2128 750 ,
2162 709 2217 745 vel

1246 753 1286 789 fit
1312 755 1501 801 appofitum
1525 756 1656 803 pactum
1680 783 1690 797 ‚
1717 756 1801 791 inter
1831 768 1940 803 partes
1972 766 2181 792 conventum
2204 783 2216 800 ,

1247 803 1346 850 quod
1368 803 1455 838 salva
1478 803 1538 839 fint
1559 805 1632 850 jura
1657 804 1869 852 hypothecae
1886 817 2005 840 contra
2032 805 2136 852 ipsum
2155 804 2218 839 de-

1247 852 1393 887 bitorem
1410 852 1624 899 delegantem
1641 878 1651 893 ,
1671 852 1750 900 quia
1766 852 1932 899 ejusmodi
1955 854 2046 901 pac‘ta
2063 852 2219 889 inficiunt

1248 910 1398 935 naturam
1418 900 1645 947 delegationis
1661 927 1672 942 ,
1695 901 1796 936 Surd.
1820 903 1855 936 d.
1873 902 1944 936 dec.
1970 915 2024 946 23.
2043 904 2167 936 num.6.
2185 904 2220 935 in

1241 947 1311 989 fine
1328 975 1337 989 ‚
1353 948 1419 996 sub
1444 961 1530 984 num.
1546 963 1579 997 7.
1602 951 1689 997 verss
1698 950 1782 997 fnit.
1807 951 1841 986 ὢ
1853 950 1920 996 fitb
1942 963 2065 993 num.9.
2094 950 2143 984 ibi
2166 962 2220 984 eo-

1250 995 1325 1029 dem
1350 1009 1480 1044 quoque.
1510 998 1545 1032 &
1569 995 1614 1032 fic
1636 1009 1704 1031 non
1733 998 1779 1032 est
1798 997 1969 1043 delegatio
1985 1025 1994 1039 ,
2022 998 2078 1032 sed
2102 998 2220 1043 potius

1252 1043 1354 1078 cessio
1382 1071 1392 1086 ,
1419 1045 1478 1080 cui
1501 1045 1713 1082 conveniunt
1738 1043 1902 1091 ejusmodi
1930 1047 2023 1093 pach
2049 1072 2060 1086 ‚
2093 1045 2220 1092 quibus

1252 1092 1450 1138 qualitatem
1478 1094 1672 1130 contrastus
1693 1121 1702 1134 ,
1731 1095 1764 1127 &
1791 1106 1860 1129 tion
1883 1094 1991 1128 verbis
2016 1093 2219 1141 significari,

1252 1140 1319 1174 late
1341 1141 1451 1187 scripsi
1467 1145 1499 1176 in
1514 1155 1582 1177 meo
1599 1142 1696 1176 irati.
1718 1141 1760 1175 de
1772 1144 1845 1186 jud.
1865 1145 1953 1189 caus
1970 1143 2065 1177 liba.
2080 1154 2220 1189 n.t347.

1261 1200 1361 1232 1352·
1383 1191 1417 1228 <0⁴
1434 1193 1506 1238 seq·

1303 1237 1421 1284 Hujus
1441 1238 1579 1273 secundi
1603 1238 1699 1273 casus
1715 1266 1724 1281 ‚
1747 1252 1868 1285 nempe
1882 1239 2126 1287 delegationis,
2144 1237 2218 1274 effe-

1254 1284 1327 1318 flus
1346 1283 1420 1321 sunt
1438 1299 1588 1328 numero,
1605 1288 1639 1321 δε
1655 1288 1820 1335 qualitate
1834 1288 1877 1322 de
1896 1288 2061 1325 diametro
2075 1287 2221 1335 oppositi

1257 1331 1432 1369 effeftrbus
1452 1334 1548 1381 primi
1569 1335 1664 1370 casus
1692 1336 1927 1382 praecedentis.

1306 1380 1458 1416 Effectus
1480 1383 1602 1429 primus
1623 1384 1669 1417 est
1683 1411 1692 1425 ,
1719 1385 1818 1431 quod
1839 1385 2010 1431 delegatio
2023 1413 2031 1426 ‚
2049 1398 2109 1432 per
2122 1397 2224 1431 quam

1257 1441 1380 1464 nomen
1399 1430 1565 1466 debitoris
1588 1431 1686 1467 datur
1712 1433 1746 1466 in
1772 1433 1917 1467 solutum
1934 1460 1943 1473 ,
1964 1445 2117 1468 continet
2135 1434 2220 1468 solu—

1258 1481 1382 1513 tionem
1410 1506 1420 1520 ,
1443 1480 1475 1514 &
1511 1479 1591 1514 ideo
1618 1480 1735 1516 liberat
1764 1481 1951 1515 debitorem
1968 1483 2190 1528 delegantem
2215 1508 2225 1523 ‚

1261 1538 1298 1561 ut
1312 1539 1350 1560 ex
1369 1527 1458 1565 Dec.
1474 1528 1506 1562 &
1522 1528 1591 1562 aliis
1607 1528 1740 1564 secutus
1761 1529 1828 1563 sum
1847 1529 1903 1563 sol.
1918 1543 1968 1564 itu.
1988 1532 2066 1566 280.
2087 1532 2224 1579 ἄγρῃ.

1308 1574 1457 1612 Effectus
1485 1576 1653 1612 secundus
1677 1579 1723 1611 est
1739 1605 1748 1619 ‚
1773 1578 1870 1623 quod
1895 1579 2060 1625 obligatio
2087 1581 2120 1613 δε
2138 1581 2226 1612 aetio

1263 1624 1424 1670 primaeva
1444 1625 1641 1671 regulariter
1661 1638 1721 1672 per
1746 1625 1996 1673 delegationem
2011 1653 2020 1666 ,
2040 1626 2096 1662 seu
2119 1639 2224 1661 nova-

1262 1674 1387 1707 tionem
1415 1673 1680 1719 extinguuntur,
1708 1676 1740 1709 δε
1760 1673 2060 1718 n0÷=‚ieviviscunt
2079 1701 2089 1715 ,
2116 1674 2228 1708 etiam-

1261 1721 1283 1754 fi
1308 1720 1475 1755 debitoris
1499 1733 1620 1757 nornen
1644 1722 1683 1756 lit
1706 1722 1851 1756 evit‘rnm
1873 1749 1882 1762 ,
1911 1723 2011 1758 Stird.
2037 1723 2229 1766 consillt45.

1252 1771 1370 1816 scipio.
1387 1769 1450 1815 sub
1478 1783 1564 1804 num.
1593 1782 1645 1815 ¹3·
1668 1773 1754 1819 veis.
1775 1772 1824 1806 his
1842 1783 1920 1804 vero
1936 1784 2022 1804 mim.
2041 1766 2119 1807 20‘2.
2141 1773 2230 1818 vers.

1263 1829 1378 1899 quartlo
1405 1829 1516 1853 extant
1539 1819 1574 1859 (ἔχ’
1598 1821 1685 1866 vetf
1714 1822 1821 1867 quinto
1845 1818 1902 1852 hoc
1915 1820 1982 1867 sub
2007 1833 2093 1854 num.
2119 1832 2175 1853 21.
2196 1818 2231 1855 ό

1267 1879 1284 1899 2
1315 1890 1323 1898 .
1367 1866 1409 1899 ib.
1433 1879 1460 1900 1.

1294 1878 1415 1948 3Ratio
1440 1914 1545 1960 hujus
1574 1914 1713 1949 effectus
1737 1915 1783 1950 est
1809 1942 1819 1956 ,
1857 1915 1936 1964 quia
1965 1914 2134 1950 solutione
2157 1915 2233 1961 ejus

1263 1960 1361 2007 qnod
1386 1963 1532 1998 debetur
1546 1990 1555 2003 ,
1573 1963 1705 1998 tollitur
1725 1976 1830 1998 omnis
1848 1963 2015 2009 obligatio
2031 1990 2040 2004 ‚
2064 1975 2101 1998 ut
2122 1963 2231 2010 scripfi

1263 2010 1359 2056 supra
1387 2010 1446 2044 sub
1473 2023 1615 2046 numero
1652 2013 1704 2046 18.
1736 2015 1769 2047 ὅ(
1798 2025 1920 2046 nornen
1954 2012 2117 2046 debitoris
2147 2010 2232 2046 solvi

1263 2060 1375 2105 potest
1395 2071 1457 2105 pro
1479 2060 1690 2106 quantitate,
1719 2062 1752 2095 δε
1781 2061 1920 2108 quar-do
1941 2072 2064 2094 nomen
2092 2060 2237 2094 debito-¹

1265 2108 1307 2141 ris
1328 2107 1428 2143 datur
1456 2108 1487 2141 in
1514 2108 1661 2143 solutum
1686 2121 1748 2155 pro
1774 2111 1892 2157 aliquo
1917 2109 2037 2144 debito
2059 2135 2068 2147 ,
2094 2109 2235 2155 perinde

1265 2155 1311 2189 est
1329 2182 1337 2198 ,
1363 2168 1403 2190 ac
1432 2156 1454 2190 fi
1480 2168 1531 2190 res
1552 2156 1620 2203 ipsa
1643 2156 1757 2192 debita
1785 2156 1971 2191 solveretur
1986 2183 1995 2197 ‚
2024 2156 2176 2204 ideoque
2195 2156 2233 2190 ii-

1265 2215 1326 2238 cut
1350 2231 1359 2245 ,
1388 2204 1552 2240 solvendo
1580 2204 1615 2238 id
1633 2230 1642 2245 ,
1664 2206 1762 2253 quod
1789 2206 1933 2240 debetur
1953 2232 1962 2246 ‚
1990 2206 2122 2239 tollitur
2144 2203 2233 2240 obli-

1263 2253 1359 2299 gatio
1377 2280 1386 2295 ‚
1412 2252 1457 2287 ita
1482 2253 1581 2288 etiam
1603 2254 1744 2300 quando
1767 2254 1857 2288 alind
1877 2253 2018 2289 solvitur
2033 2255 2114 2288 loco
2132 2253 2232 2300 eius,

1265 2301 1364 2347 quod
1387 2301 1531 2337 debetur
1551 2327 1561 2342 ‚
1592 2301 1672 2348 quia
1697 2301 1789 2336 aliud
1815 2314 1877 2349 pro
1901 2302 1966 2336 alio
1990 2301 2074 2337 solvi
2096 2301 2232 2349 potest,

1265 2348 1497 2385 consentiente
1518 2349 1690 2385 creditore
1703 2376 1713 2392 ,
1731 2350 1817 2385 aetio
1843 2361 1956 2385 autem
1979 2349 2075 2385 semel
2092 2349 2236 2384 extincta

1265 2409 1324 2443 per
1348 2397 1552 2432 solutionem
1571 2424 1580 2439 ‚
1608 2398 1659 2433 vel
1683 2398 1747 2435 alio
1771 2398 1876 2434 modo
1902 2410 2076 2446 nunquam
2101 2397 2236 2434 revivis-

1265 2445 1312 2480 cit
1329 2472 1339 2487 ‚
1363 2448 1397 2481 ὅ(
1418 2446 1516 2494 quod
1541 2446 1639 2481 semel
1663 2446 1813 2494 legitime
1832 2446 1952 2483 factum
1978 2447 2024 2481 est
2041 2474 2051 2488 ‚
2071 2441 2236 2482 remeari

1265 2507 1334 2528 non
1360 2496 1472 2542 potest
1491 2507 1530 2529 ex
1553 2494 1631 2530 casu
1659 2495 1908 2543 supervenienti
1929 2522 1938 2536 ‚
1960 2495 2060 2530 Surd.
2082 2495 2116 2530 d.
2128 2493 2235 2536 consil.

1270 2553 1345 2586 545.
1364 2557 1493 2578 numero
1521 2545 1695 2589 14.t5.t6.
1719 2546 1752 2579 εἶτ
1782 2557 1834 2591 17.
1852 2544 1886 2581 (1
1905 2543 2030 2583 decisio.
2055 2544 2133 2577 266.
2152 2556 2238 2591 quae·

1264 2592 1332 2631 βία.
1349 2598 1439 2638 νιιιὲς.
1457 2593 1491 2629 (θ’
1497 2594 1593 2640 seqq.
1612 2593 1646 2627 &
1661 2591 1768 2638 scripsi
1777 2595 1884 2640 snpra
1897 2592 1962 2639 fiib
1978 2592 2127 2635 num.89.
2145 2591 2232 2639 versi

1265 2641 1413 2689 intellige
1439 2641 1534 2675 hanc.
1903 2674 1909 2680 ,

1316 2688 1463 2729 Declara
1481 2689 1568 2723 hanc
1585 2689 1748 2725 rationem
1760 2716 1769 2731 ,
1784 2700 1822 2724 ut
1839 2687 2004 2736 procedat
2021 2687 2212 2723 indistinete
2225 2714 2236 2729 ‚

1268 2739 1302 2773 δε
1326 2735 1556 2772 indubitanter
1572 2764 1582 2779 ‚
1610 2748 1780 2786 quatenus
1801 2738 1962 2773 traditum
1978 2763 1987 2778 ‚
2011 2737 2067 2771 seu
2091 2735 2238 2771 solutum

1268 2798 1331 2832 pro
1350 2784 1570 2820 diss'olutione
1585 2785 1804 2833 obligationis
1818 2796 1928 2820 manet
1942 2784 2009 2820 fine
2023 2785 2239 2823 avocatione,

2240 1260 2305 1304 287
2336 1257 2358 1282 '¹

2247 1636 2310 1671 288
2345 1619 2367 1674 χξῇ.

2250 1973 2314 2020 289
2354 1984 2393 2045 ps.

2255 2759 2320 2796 ²90

1270 2844 1328 2868 aut
1355 2833 1522 2868 evistione
1537 2846 1550 2877 ·,
1567 2845 1648 2881 quia
1670 2846 1809 2869 eatenus
1830 2832 2013 2868 necessario
2043 2833 2167 2868 sublata
2187 2831 2237 2865 in-
2253 2831 2260 2835 '

1271 2882 1435 2928 telligitur
1466 2882 1574 2916 omnis
1608 2882 1778 2929 obligatio
1802 2909 1812 2923 ,
1846 2894 1924 2916 cum
1953 2881 2030 2916 alias
2051 2880 2237 2926 implicaret

1270 2929 1573 2965 contradistionem
1590 2957 1602 2974 ,
1622 2930 1719 2978 quod
1742 2930 1828 2978 quid
1849 2929 2035 2965 solveretur
2049 2956 2058 2971 ‚
2081 2929 2116 2963 δε
2135 2929 2237 2963 staret

1271 2978 1413 3024 ligatum
1428 3005 1438 3020 ,
1464 2989 1503 3013 ut
1522 2979 1555 3013 in
1577 2979 1644 3014 alio
1664 2979 1842 3026 proposito
1865 2978 1976 3026 scripfi
1992 2980 2094 3026 supra
2105 2977 2166 3024 sub
2181 2988 2236 3011 nu.

1274 3028 1330 3071 89.
1348 3039 1437 3060 vers.
1460 3028 1566 3073 infero
1594 3031 1628 3062 in
1648 3027 1727 3068 fine.

1323 3075 1431 3110 Sectis
1449 3075 1589 3122 quando
1614 3075 1774 3110 traditum
1791 3100 1800 3113 ,
1830 3074 1888 3110 seu
1906 3074 2052 3110 solutum
2074 3087 2143 3110 non
2162 3085 2239 3121 per-

1273 3123 1390 3159 mansit
1411 3123 1676 3158 irrevocabiliter
1692 3135 1705 3166 ;
1719 3121 1774 3156 sed
1792 3121 1856 3159 fuit
1872 3134 2053 3158 avocatum
2066 3150 2076 3166 ,
2095 3123 2151 3157 (eu
2166 3122 2238 3156 evi-

1276 3173 1364 3206 stum
1376 3198 1386 3213 ‚
1409 3171 1490 3219 quia
1507 3182 1589 3206 tunc
1602 3183 1642 3206 an
1658 3171 1719 3206 iste
1733 3169 1873 3206 effeetus
1886 3199 1896 3213 ‚
1913 3170 2055 3219 ejusque
2073 3172 2158 3206 ratio
2176 3170 2238 3205 fint
2272 3205 2278 3217 .-

1277 3219 1367 3259 veri‚
1385 3231 1503 3267 magna
1515 3219 1560 3253 est
1571 3220 1658 3256 inter
1674 3219 1780 3254 Dott.
1797 3219 2022 3255 controverfia
2033 3247 2043 3260 ,
2059 3232 2121 3267 pro
2138 3219 2240 3265 cujus
2273 3236 2276 3240 ’

1278 3267 1527 3314 compositione
1547 3280 1616 3315 ego
1635 3295 1646 3310 ,
1673 3266 1917 3314 distinguendo
1938 3268 2086 3303 breviter
2107 3268 2252 3317 aliquot«

1279 3317 1372 3351 castis
1387 3315 1537 3350 diversos
1557 3319 1600 3351 ab
1622 3317 1663 3351 iis
1676 3343 1687 3358 ‚
1709 3327 1799 3363 quos
1815 3316 1955 3365 collegit
1973 3316 2077 3352 Surd.
2102 3316 2138 3353 d.
2157 3317 2238 3362 consi

1284 3377 1360 3409 ¹45-
1377 3376 1467 3410 n.34.
1485 3363 1679 3407 firmabojn
1696 3365 1743 3398 eis
1758 3365 1994 3400 conclusiones
2009 3392 2018 3407 ‚
2035 3378 2075 3400 ex
2092 3365 2239 3410 quibus,

1281 3424 1321 3447 ut
1340 3412 1503 3453 arbitror,
1521 3413 1641 3449 omiffo
1657 3425 1757 3459 vagae
1772 3440 1781 3454 ‚
1795 3414 1830 3447 &
1844 3413 1941 3447 nimis
1955 3413 2113 3460 ancipitis-
2128 3412 2241 3459 dispu-

1282 3461 1420 3496 tationis
1442 3461 1589 3495 anfrastu
1608 3489 1617 3502 ‚
1637 3461 1901 3497 controverfiam
1926 3461 2192 3498 conciliabimus.

1332 3507 1461 3542 Primus
1472 3508 1568 3543 casus
1582 3510 1639 3552 est,
1650 3511 1791 3556 quando
1806 3510 1978 3551 avocatio,
1989 3509 2047 3544 sen
2060 3509 2182 3543 evietio
2197 3509 2245 3545 se-

1283 3567 1361 3591 cuta
1380 3556 1519 3591 destruit
1534 3557 1789 3606 obligationem,
1802 3558 1898 3592 itaut
1914 3558 1957 3592 illi
1974 3569 2044 3592 non
2060 3557 2156 3604 pellit
2171 3570 2246 3604 pro-

1284 3605 1355 3651 prie
1370 3604 1495 3638 direete
1506 3630 1517 3645 ‚
1533 3606 1610 3640 &in
1627 3605 1812 3641 individuo*
1823 3604 1982 3646 satisfieri,
1995 3607 2029 3640 δε
2039 3606 2246 3655 consequen-

1285 3664 1335 3688 ter
1350 3654 1402 3687 lex
1419 3652 1584 3688 succurrit
1607 3654 1673 3689 alio
1690 3655 1859 3695 remedio,
1879 3664 1918 3689 ut
1941 3654 2069 3702 cuique
2082 3655 2138 3700 jns
2154 3655 2246 3689 suurn

1803 3718 1806 3724 ·
2089 3703 2248 3738 reddatur

2246 3780 2255 3805 ³
2317 3808 2321 3812 ,
