2400 3939
8 887 9 894 ,

7 913 60 949 «33

11 2274 69 2307 >⁵⁴

28 2852 68 2890 ⁸5

28 3367 72 3406 ιδ

755 143 807 212 ς.
840 141 964 201 111.
999 133 1181 203 Glossl
1215 143 1327 199 ΙΙΙ.

86 234 229 271 litteram
242 257 253 274 ‚
267 226 458 277 Sempronii
475 251 486 267 ‚
501 225 627 274 quitor
643 226 676 261 in
692 235 726 261 te
743 226 842 261 traxit
857 239 866 260 z
883 236 976 262 certe
989 226 1053 261 isto

89 282 166 318 casu
190 291 229 318 tu
247 290 288 314 ex
309 278 368 314 ino
391 275 523 311 cambio
543 274 678 311 lucraris
701 274 925 321 provisionem
949 275 968 309 a
991 273 1052 308 Ti-

89 329 142 366 tio
157 356 168 370 ,
192 328 294 374 cujus
315 324 421 373 gratia
443 323 568 360 destisti
591 323 724 357 cambio
738 348 748 363 ,
775 331 837 357 tuo
861 322 959 358 rifieo
981 348 991 363 ,
1018 324 1053 358 δε

89 378 186 413 aliam
216 375 440 422 provisionem
470 369 606 405 lucraris
636 370 655 405 a
684 369 886 416 Sempronio
912 397 922 411 ‚
951 374 1053 417 cujus

90 425 197 474 gratia
217 421 353 458 eosdem
379 418 505 454 solvisti
529 418 651 452 Mevio
666 444 676 459 ‚
701 418 735 452 &
759 418 802 452 iic
826 427 864 452 tu
888 429 927 452 ex
940 419 1053 453 alienis

91 471 244 521 pecuniis
268 496 279 511 ‚
307 479 429 515 nempe
450 466 539 501 Titii
563 493 572 507 ,
595 466 731 501 lucraris
758 466 981 511 provisionem
1011 467 1052 501 ab

94 529 249 567 utroque
269 518 398 561 Boninf.
417 515 552 550 traaas.
575 514 616 547 de
638 513 744 549 camb.
758 525 845 556 ca.4.
865 514 976 559 versic.
995 515 1055 559 cofi

92 579 172 605 anco
186 592 198 609 ,
215 578 276 602 ver
291 577 330 600 us
349 564 444 607 finem
460 561 518 603 ibi,
539 562 573 599 &
585 563 703 611 perche
718 589 726 603 ‚
743 561 776 595 &
791 561 861 596 hoc
876 562 934 602 est,
956 563 1054 610 quod

93 617 215 652 dicunt
230 641 241 656 ‚
269 628 278 650 ι
283 616 389 662 suana
409 612 430 648 ὰ
449 611 564 658 doppio
578 636 588 651 ‚
613 620 652 645 ut
667 609 781 646 scribit
803 611 968 656 Boninstd.
985 622 1055 645 ira-

94 665 172 699 Hat.
197 663 240 697 de
260 661 366 697 camb.
385 670 497 708 cap.5.
511 658 625 700 verfic.
646 659 729 693 altri
745 661 801 704 poi
819 658 1006 698 defiderano
1021 661 1055 695 dc

92 725 157 760 pro
180 711 239 745 ista
259 708 459 757 provisione,
479 707 567 742 adde
591 717 674 754 quae
700 705 809 752 scripfi
823 708 927 754 supra
955 711 996 749 5.
1026 720 1055 742 ι.

94 760 198 808 μειβ.
218 772 251 805 7.
265 769 355 806 part.
377 770 408 790 2.
429 756 530 802 ampl.
546 768 580 799 9.
598 766 685 788 num.
703 756 735 789 6.
758 753 908 801 hincque
933 754 1027 790 vides
1045 782 1055 795 ‚

95 818 185 856 quot
210 817 299 841 artes
321 806 380 840 fint
401 803 566 839 subtiliter
585 829 594 844 ,
619 803 653 837 δε
671 802 766 837 enixe
787 802 994 850 excogitatae
1015 803 1057 837 ad

94 855 307 890 lucrandum.
1058 860 1062 862 ’

145 900 326 937 Secundus
346 899 438 935 casus
460 899 507 934 est
525 926 535 942 ,
559 898 700 947 quando
717 910 820 945 agens
839 898 1023 934 Placentiae
1047 925 1057 940 ‚

100 950 200 986 solvit
222 948 408 995 fibimetipfi
430 949 563 985 tractam
578 974 588 990 ,
609 947 643 981 in
658 946 690 980 se
714 946 830 981 saetam
847 948 1060 995 eandemque

100 998 241 1033 solutam
263 1009 322 1044 per
338 997 482 1030 litteram
499 995 663 1043 propriam
679 1021 687 1036 ‚
709 995 790 1028 idest
808 1021 817 1034 ,
829 995 980 1042 periculo
999 996 1060 1031 suo

100 1047 240 1082 remittit
260 1046 306 1080 ilii
322 1069 333 1083 ,
349 1045 408 1090 qui
422 1044 478 1078 fibi
494 1044 657 1079 remiserat
674 1043 839 1078 trahendo
858 1044 890 1076 in
904 1044 1058 1083 eandem.

101 1095 161 1142 qui
182 1094 278 1130 traxit
303 1093 334 1128 iri
359 1093 392 1128 se
409 1119 419 1134 ‚
444 1093 525 1140 quia
548 1091 611 1126 isto
637 1089 713 1125 casu
740 1102 805 1125 una
829 1091 975 1137 provisio
1003 1092 1061 1126 sibi

101 1145 247 1179 debetur
261 1142 301 1176 ab
317 1141 375 1176 ino
392 1167 400 1181 ,
421 1141 482 1188 qui
500 1139 557 1175 fibi
572 1139 691 1174 remitit
704 1164 714 1179 ‚
731 1139 765 1174 &
783 1141 839 1173 cui
854 1140 1037 1174 remittitur
1049 1166 1060 1183 ,

103 1192 137 1226 δι
153 1191 216 1225 alia
231 1191 375 1225 debetur
396 1190 438 1223 ab
458 1201 502 1224 eo
517 1215 526 1231 ‚
548 1187 608 1236 qui
626 1187 659 1222 in
675 1185 708 1221 se
723 1187 822 1222 traxit
836 1213 846 1229 ,
862 1188 895 1221 δι
911 1188 942 1221 in
959 1199 1062 1235 quem

102 1239 258 1275 trahitur.

151 1285 372 1333 Exemplifica
393 1285 484 1320 hunc
507 1281 616 1318 casum
636 1296 644 1319 ε
669 1281 836 1318 Οξῒεινὶυε
857 1295 896 1318 ex
922 1283 1063 1319 civitate

105 1336 241 1371 Genuae
269 1333 408 1369 remittit
442 1330 578 1375 Jacobo
605 1330 788 1367 Placentiae
814 1332 927 1368 scutos
959 1346 1059 1368 1000.

103 1383 284 1418 [olvendos
306 1381 363 1416 fibi
391 1382 410 1415 a
435 1379 610 1426 semetipso
632 1379 740 1414 littera
759 1380 850 1414 Petri
873 1392 948 1414 cum
973 1382 1064 1416 ordi-

104 1443 148 1466 ne
175 1457 185 1472 ‚
212 1442 250 1466 ut
283 1430 356 1465 ilios
382 1429 437 1463 sibi
471 1427 619 1474 Octavio
648 1429 796 1463 remittat
822 1429 863 1462 ad
891 1429 1062 1464 civitatem

104 1480 243 1514 Genuae
270 1479 381 1513 littera
407 1476 506 1523 ipfius
530 1475 652 1518 Jacobi
682 1503 692 1518 ‚
722 1477 755 1510 ὃς
783 1475 902 1510 eodem
930 1489 1062 1522 tempo-

104 1539 141 1561 re
163 1526 301 1562 Marcus
327 1526 428 1560 trahit
453 1526 485 1558 in
515 1524 657 1558 eundem
682 1524 850 1566 Jacobum
880 1524 962 1559 alios
988 1525 1063 1559 scu-

104 1586 161 1611 tos
184 1587 284 1612 1000.
303 1572 482 1609 solvendos
501 1572 604 1606 Luco
627 1572 658 1605 in
686 1573 854 1606 Placentia
874 1585 882 1607 :
902 1573 982 1620 quia
1001 1573 1064 1607 isto

103 1623 184 1658 casu
207 1623 356 1665 jacobus
371 1648 381 1663 ,
407 1620 609 1667 exequendo
636 1619 810 1668 utriusque
833 1621 983 1655 ordinem
999 1648 1010 1662 ‚
1030 1622 1064 1656 &

106 1671 273 1706 trahendo
301 1671 415 1715 postea
434 1669 568 1704 eosdem
595 1667 636 1702 ad
670 1668 840 1704 civitatem
867 1669 1002 1704 Genuae
1032 1681 1065 1702 iri

105 1719 249 1754 eundem
272 1718 429 1753 Marcum
449 1743 458 1757 ‚
484 1728 521 1751 ut
547 1728 609 1751 eos
635 1716 738 1751 salvat
768 1716 916 1750 Ostavio
943 1717 1064 1756 praedi-

106 1767 161 1801 ἂο
183 1794 192 1808 ,
216 1768 365 1802 lucratur
388 1765 610 1812 provifionem
629 1766 670 1798 ab
687 1775 837 1812 utroque
858 1778 864 1799 :
885 1767 917 1798 &
943 1766 996 1799 ime
1019 1765 1064 1799 est

104 1814 349 1850 advertendum
363 1841 371 1855 ‚
391 1813 490 1861 quod
503 1813 656 1856 Jacobus
672 1839 682 1853 ‚
700 1813 780 1846 dum
797 1824 827 1846 ti·
839 1813 899 1847 {Lit
923 1826 951 1846 ‘n
976 1813 1063 1848 Mar-

105 1874 182 1898 cum
204 1863 247 1897 ad
265 1863 437 1897 civitatem
460 1862 596 1896 Genuae
614 1860 758 1902 dicitur,
776 1861 836 1907 loq
862 1861 949 1895 endo
975 1873 1066 1896 more

104 1911 290 1946 mercantili
309 1938 318 1951 ‚
345 1910 513 1945 reflectere
539 1909 626 1943 illam
657 1909 808 1956 partita-‚1
833 1938 839 1942 ,
869 1921 903 1942 isc
936 1923 967 1943 m
997 1914 1063 1945 ἕξοι.

105 1959 245 1997 Genucii,
267 1960 338 1994 dec.
362 1971 437 2003 ¹43·
459 1957 651 1991 Bernardus
669 1984 677 1997 ,
703 1960 796 1992 ἰηὶιιό
815 1984 823 1998 ,
844 1959 876 1991 ἅ·
894 1958 1019 1991 dicitnr
1036 1958 1065 1991 se

103 2008 150 2042 de
168 2008 222 2041 illa
244 2007 426 2053 providere
443 2033 451 2046 ,
478 2005 534 2040 seu
557 2005 740 2052 praevalere
769 2006 860 2048 {uxta
884 2005 1035 2040 ordinem
1055 2031 1064 2047 ,

102 2055 160 2090 fibi
175 2055 293 2091 datum
304 2057 345 2090 ab
359 2054 481 2090 eodem
504 2053 645 2088 Marco:
661 2052 716 2087 sed
731 2064 802 2100 quo
818 2054 876 2087 iiie
891 2053 984 2087 casus
1004 2053 1064 2088 du.

102 2103 201 2150 plicis
223 2104 422 2149 provifionis
439 2102 558 2136 clarior
579 2112 759 2148 appareat,
788 2113 880 2147 porio
902 2101 958 2135 hic
976 2104 1063 2136 litte-

102 2162 154 2186 ras
167 2178 176 2191 ,
200 2162 284 2199 quas
303 2151 398 2198 super
423 2151 492 2187 hoc
511 2150 583 2196 ipso
603 2149 679 2185 casu
698 2149 800 2185 habui
815 2150 834 2184 a
849 2151 1065 2196 negotiatore

102 2200 286 2235 multorum
315 2199 533 2234 camblorum.
622 2211 625 2212 ⁷

150 2250 297 2288 Lenem,
309 2249 433 2294 scritta
448 2250 480 2280 in
499 2246 633 2280 Genava
645 2245 691 2279 da
709 2248 846 2281 Ouavio
862 2247 881 2281 ὰ
895 2248 1064 2281 Piacenza

103 2295 124 2332 ἃ
140 2296 294 2330 Giacomo
309 2323 319 2338 ,
332 2295 450 2342 perche
459 2295 568 2341 seoda
578 2294 678 2340 [cudi
703 2307 730 2327 x.
755 2297 793 2329 V.
813 2294 871 2330 che
887 2295 914 2329 li
935 2297 1063 2328 rimette

99 2356 159 2392 per
170 2345 289 2379 lettera
305 2346 342 2378 di
358 2346 486 2384 Pietro,
504 2355 559 2377 con
574 2343 686 2377 ordine
699 2369 708 2383 ,
723 2343 779 2377 che
791 2346 846 2390 poi
857 2343 909 2391 gli
924 2355 961 2376 ne
967 2343 1064 2390 sacci

100 2393 228 2440 remiffa
248 2395 281 2426 in
301 2392 448 2426 Genava.
847 2414 864 2426 -.

151 2445 241 2485 1615.
258 2441 276 2476 ὰ
291 2441 328 2475 di
350 2452 401 2475 io.
422 2439 542 2486 Aprile
564 2441 596 2473 in
618 2439 752 2473 Genava
773 2449 833 2486 per
855 2439 1008 2473 Giacomo
1027 2439 1064 2473 di

104 2490 275 2523 Piacenza
295 2485 378 2529 fiera
398 2488 435 2523 di
455 2488 595 2535 Pasqua.

152 2537 329 2585 Magnifico
352 2536 421 2571 hon.
445 2538 484 2571 In
508 2535 624 2580 cotesta
644 2534 727 2576 fiera
749 2535 786 2568 di
808 2538 941 2584 Pasqua
963 2537 999 2568 vi
1020 2537 1064 2569 ri-

102 2594 200 2622 mmo
211 2586 316 2632 feudi
341 2597 370 2619 ι.
384 2585 423 2620 V.
439 2584 485 2618 da
504 2587 559 2618 voi
571 2583 654 2632 sieffo
667 2595 726 2630 per
743 2584 861 2618 lettera
889 2583 926 2617 di
942 2585 1063 2623 Pietro,

101 2645 154 2670 me
171 2644 209 2666 ne
226 2633 357 2667 darerre
371 2633 495 2667 credito
507 2659 516 2673 ‚
542 2632 558 2666 e*
575 2632 710 2666 dadano
734 2631 768 2664 la
796 2635 980 2680 provigione
994 2656 1004 2672 ,
1018 2644 1068 2665 me

100 2693 141 2718 ne
153 2682 271 2729 farere
297 2683 352 2729 qui
377 2680 502 2728 rimeffa
527 2689 587 2728 per
613 2679 723 2725 vostra
749 2680 869 2715 lettera
887 2706 897 2722 ,
930 2682 1067 2728 avisan-

100 2729 165 2771 do,
186 2731 205 2764 ἁ
230 2730 309 2765 Dio.

509 2777 659 2811 Ottavio.

151 2830 289 2864 Lenem
303 2852 312 2864 .
330 2827 452 2872 scritta
471 2824 518 2859 da
537 2826 656 2858 Marco
672 2824 691 2859 ὰ
709 2824 862 2859 Giacomo
880 2826 918 2859 di
931 2827 1067 2860 Piacen-

106 2885 151 2908 ια
166 2902 175 2915 ,
191 2887 250 2922 per
267 2875 324 2909 che
339 2871 553 2921 pact'hiscudi
575 2873 613 2907 V.
629 2873 686 2908 che
702 2873 727 2906 li
743 2873 786 2906 ha
805 2883 906 2907 rraito
919 2876 952 2907 in
968 2875 1069 2916 Luco,

106 2922 126 2957 ἃ
145 2923 202 2958 che
214 2925 255 2970 fi·
274 2923 424 2969 pro-vedu
450 2921 497 2955 da
519 2921 578 2954 lui.

155 2973 252 3016 1615.
270 2970 289 3006 ἁ
305 2972 342 3004 di
365 2973 416 3006 16.
439 2969 560 3016 Aprile
577 2971 610 3002 in
633 2969 766 3004 Genava
778 2978 838 3016 per
858 2969 1010 3005 Giacomo
1032 2969 1070 3004 di

105 3020 276 3056 Piacenza
294 3017 377 3059 fiera
405 3018 441 3052 di
467 3019 606 3064 Pasqua.

155 3066 335 3115 Magnifice
354 3067 424 3104 bon.
445 3067 482 3102 In
506 3065 643 3111 comesta
665 3064 746 3102 {iera
769 3065 806 3099 di
833 3066 964 3112 Pafqua
980 3067 1018 3098 vi
1037 3064 1068 3099 lo

107 3115 316 3162 :ratiost-udi
340 3127 368 3149 ι.
383 3115 422 3149 V.
435 3117 468 3148 in
482 3117 569 3150 Luco
580 3139 588 3151 ‚
610 3115 694 3148 conti
714 3124 771 3147 con
790 3113 816 3146 il
827 3115 889 3160 suo
905 3112 947 3146 de
961 3115 1028 3160 qui,
1042 3113 1070 3147 li

105 3174 300 3198 accetterere
314 3188 324 3202 ‚
349 3163 366 3197 e'
386 3161 582 3210 pagherere,
609 3174 665 3196 con
688 3161 842 3195 darmene
866 3160 976 3194 debito
996 3186 1006 3201 ‚
1033 3161 1069 3198 θ

101 3212 351 3258 proruerint-ene
363 3223 419 3245 con
428 3213 486 3256 piu
500 3210 609 3251 vostra
618 3211 807 3257 provigione
824 3209 866 3244 de
881 3208 994 3257 quida
1005 3221 1068 3251 me,

106 3258 205 3294 cheli
217 3259 360 3310 paghero
376 3285 386 3301 ‚
402 3258 565 3304 avisando
589 3257 609 3291 ὰ
631 3258 708 3292 Dio.

521 3307 653 3340 Marco.

151 3354 306 3389 Gramma
318 3355 356 3390 di
369 3354 585 3400 Piacenzafa
599 3353 759 3387 creditore
770 3352 910 3387 Onavio
921 3349 963 3386 de
967 3352 1069 3400 scudi

111 3412 140 3435 x.
159 3404 198 3437 V.
213 3403 272 3438 che
289 3403 321 3436 le
336 3403 380 3438 ba
393 3401 512 3449 rimeffo
524 3410 584 3447 per
600 3400 720 3435 tenera
734 3400 771 3434 di
791 3401 920 3440 Pietro,
934 3400 970 3436 έν
982 3401 1008 3434 li
1021 3401 1068 3436 da

104 3449 214 3487 debito
229 3453 284 3497 poi
302 3450 345 3485 de
353 3450 458 3498 scudi
475 3448 580 3494 3.6.8.
597 3446 635 3482 di
652 3451 842 3498 provigione
853 3474 862 3488 ‚
884 3447 901 3481 ε’
915 3447 958 3482 de
964 3449 1067 3494 scudi

104 3499 204 3541 996.i
215 3510 283 3543 3.4.
301 3499 359 3534 che
375 3499 403 3534 li
416 3501 544 3532 rimme
566 3496 613 3529 da
634 3496 753 3531 Marco
769 3506 827 3543 per
839 3497 902 3543 sua
920 3496 1042 3532 lettera
1054 3523 1064 3539 ,

102 3543 123 3579 i
142 3540 169 3579 li
183 3548 294 3592 scrive
315 3572 325 3588 ,
357 3559 444 3583 come
465 3547 499 3578 in
520 3543 674 3591 apprffl.

100 3639 130 3675 G
155 3595 258 3638 1615.
274 3595 295 3630 a
314 3594 352 3630 di
376 3606 429 3642 ις.
449 3594 587 3642 Maggio
604 3595 774 3628 Piacenza
788 3603 850 3641 per
871 3594 1010 3628 ottavio
1027 3592 1066 3628 di

130 3653 248 3678 ‘novae

1103 224 1278 274 Magnifica
1295 225 1367 258 hon.
1383 226 1446 258 Per
1464 226 1596 273 n'sposta
1611 224 1669 262 del
1688 223 1792 264 vostro
1807 229 1964 274 spacchio
1975 256 1985 271 ‚
2000 232 2058 264 ha-

1102 285 1180 307 vuro
1204 276 1236 306 in
1255 274 1362 320 questa
1386 273 1465 308 §era
1481 275 1518 307 di
1536 277 1666 318 Pasqua
1678 301 1686 315 ,
1704 277 1778 309 diro
1790 301 1800 314 ‚
1815 276 1873 309 che
1889 279 1964 311 viho
1980 278 2060 312 dato

1102 322 1226 356 credito
1248 322 1402 370 discutit?
1435 335 1460 354 i.
1490 324 1527 356 V.
1551 324 1609 357 che
1634 325 1679 357 mi
1709 323 1841 357 hamne
1866 326 1986 373 rimeffo
2013 326 2062 360 da

1101 382 1152 403 me
1165 369 1254 416 st‘ffi’
1276 379 1332 408 per
1346 370 1465 403 lettera
1485 370 1522 404 di
1539 372 1648 404 Protro
1661 395 1670 411 ‚
1685 371 1845 405 haimone
1857 365 2061 415 ‚t'oiiie'strrio-

1104 429 1164 455 ne,
1183 418 1218 453 (θ’
1235 417 1439 450 αιῬέιιεοηενο
1461 421 1498 452 vi
1523 418 1561 451 ho*
1581 418 1660 452 clam
1681 418 1789 452 debito
1811 416 1856 451 di
1874 422 1965 457 (md)
1980 425 2061 463 5296.

1106 476 1158 510 ¹3·
1186 477 1221 506 4.
1249 464 1306 499 che
1335 478 1355 499 a
1376 467 1442 512 sol.
1463 478 1558 512 7¹·4·
1579 470 1615 500 vi
1638 469 1766 500 rimetro
1791 467 1837 499 da
1867 470 1983 502 Marco
2005 478 2063 515 per

1102 518 1171 546 mia
1196 514 1309 546 lietera
1331 513 1505 561 alliganda
1522 541 1529 551 ,
1557 527 1600 549 ve
1627 515 1653 548 li
1665 516 1782 561 farere
1801 522 1927 563 pagare
1942 542 1951 557 ,
1973 517 1989 550 ἐ
2008 528 2065 551 con

1105 561 1199 601 [cudi
1220 574 1252 606 3.
1268 563 1300 595 6.
1315 561 1348 594 8.
1369 564 1406 595 di
1421 564 1488 596 mia
1498 565 1689 612 provigione
1709 575 1748 597 ne
1755 562 1934 610 saldarete
1954 577 2062 607 conto,

1105 609 1126 643 ὰ
1153 611 1232 644 Dio.

1286 688 1289 690 .
1503 660 1667 697 Giacomo.

1155 710 1255 753 Segi-12
1269 706 1309 740 la
1332 705 1450 742 lettera
1470 706 1508 740 di
1529 707 1665 742 cambio.

1153 756 1243 799 1615.
1262 755 1283 788 ὰ
1300 767 1354 789 10.
1371 755 1409 788 di
1428 757 1566 805 Maggio
1583 759 1616 790 in
1633 758 1914 806 Piacenzascudi
1929 759 2064 804 996.13,

1109 812 1142 842 4.
1167 802 1325 849 dsol.7i.
1344 813 1378 845 4.

1157 857 1192 885 A
1212 851 1267 885 28.
1287 851 1325 886 di
1343 851 1445 898 questo
1462 862 1583 901 pagate
1598 863 1659 900 per
1675 853 1782 901 questa
1799 856 1908 901 prima
1923 853 1959 888 di
1975 866 2067 890 cam-

1107 897 1159 931 bio
1172 898 1220 933 ad
1237 899 1480 945 ottavioscudi
1498 902 1583 944 996.
1603 913 1653 947 ¹3·
1665 914 1698 944 4.
1715 902 1866 949 ‘istil-71.
1881 911 1915 944 4.
1930 902 2068 948 inscudi

1108 946 1275 995 d’argento
1291 973 1300 988 ,
1322 949 1483 994 conforme
1502 949 1540 984 al
1560 949 1689 986 decreto
1703 975 1713 991 ,
1736 953 1819 985 conti
1839 950 1860 986 a
1877 961 1928 985 me
1940 975 1950 992 ,
1973 950 1990 984 e*
2010 960 2070 997 po-

1110 1004 1180 1028 nere
1206 996 1226 1030 a
1249 1005 1338 1029 conto
1358 997 1475 1042 vostro.

1160 1046 1196 1077 A
1215 1045 1332 1079 Marco
1350 1047 1383 1078 in
1409 1044 1554 1079 Genava.

1509 1093 1676 1129 Giacomo.
1872 1115 1876 1118 -
2067 1116 2070 1120 >

1159 1140 1309 1174 Giacomo
1329 1139 1368 1173 di
1389 1141 1555 1176 Piacenza
1564 1143 1611 1188 fa
1628 1145 1683 1190 poi
1697 1143 1843 1178 debitore
1861 1143 1889 1177 il
1902 1145 2021 1177 Marco
2035 1139 2085 1177 df

1101 1189 1203 1235 studi
1227 1201 1256 1222 ι.
1283 1188 1322 1222 V.
1344 1188 1444 1222 cheli
1464 1189 1506 1222 ha
1529 1201 1630 1225 trano
1652 1190 1668 1224 e'
1686 1196 1742 1238 piu
1755 1192 1859 1240 scudi
1886 1204 1914 1237 3.
1929 1196 1961 1226 6.
1977 1191 2009 1225 8.
2035 1191 2073 1225 di

1107 1238 1300 1284 provigione
1315 1261 1324 1277 ,
1350 1236 1367 1270 ὲ
1384 1247 1446 1283 per
1465 1237 1696 1285 imborsarsene
1716 1241 1743 1274 li
1763 1240 1880 1273 ordina
1899 1238 1956 1272 the
1973 1239 2075 1287 pagln'

1101 1285 1207 1332 studi
1227 1284 1306 1327 996.
1329 1296 1416 1328 ¹34·
1431 1284 1479 1319 ad
1498 1286 1657 1328 Otravio,
1678 1287 1805 1335 e'scudi
1823 1288 1952 1332 6¹34
1969 1289 2077 1334 alsua

1116 1332 1268 1367 Giacomo
1289 1357 1300 1373 ‚
1332 1333 1358 1365 il
1385 1333 1482 1379 quale
1503 1335 1536 1367 in
1563 1335 1666 1381 questo
1693 1337 1770 1382 casu
1789 1338 1882 1369 viene
1898 1335 1946 1369 ad
1973 1336 2079 1370 have»-

1110 1381 1325 1429 guadagnato
1340 1380 1372 1414 le
1385 1381 1449 1414 clue
1461 1385 1645 1431 provigioni
1658 1409 1667 1422 .
1687 1384 1720 1419 (5
1740 1385 1774 1416 la
1781 1384 1897 1429 forma
1917 1384 1974 1417 del
1980 1386 2078 1432 spac-

1114 1429 1185 1463 chio
1199 1455 1209 1470 ‚
1227 1432 1348 1475 scritto
1369 1428 1415 1463 da
1433 1429 1584 1465 Giacomo
1607 1433 1628 1465 ὰ
1650 1433 1766 1466 Marco
1784 1457 1793 1471 ‚
1808 1433 1912 1480 segue
1937 1444 2024 1466 come
2045 1434 2080 1464 in

1115 1477 1265 1524 appresto·

1117 1573 1140 1607 d
1165 1528 1254 1568 ¹⁶15-
1279 1525 1299 1558 ὰ
1328 1538 1380 1571 ¹5·
1409 1525 1446 1560 di
1472 1528 1610 1575 Maggio
1629 1530 1662 1561 in
1686 1529 1853 1562 Piacenza
1871 1537 1932 1575 per
1960 1529 2078 1565 Marco

1143 1587 1153 1606 l
1177 1585 1274 1607 'lova-
1319 1591 1322 1595 ’
1668 1600 1672 1604 -

1167 1622 1344 1670 Magnifico
1367 1621 1437 1656 hon.
1464 1624 1528 1657 Per
1548 1624 1683 1671 rispolia
1707 1624 1764 1658 del
1785 1625 1888 1669 vostro
1912 1627 2045 1669 Spacsio
2069 1651 2080 1666 ,

1117 1671 1237 1705 bavato
1259 1674 1294 1704 in
1321 1672 1427 1718 questa
1444 1669 1532 1712 fiera
1558 1672 1595 1705 di
1622 1672 1751 1720 Fasqua
1771 1673 1844 1707 diro
1869 1699 1879 1715 ‚
1907 1673 1966 1708 che
1985 1677 2022 1707 vi
2040 1672 2080 1707 ho¹

1116 1720 1195 1753 dato
1222 1717 1329 1752 debito
1351 1719 1437 1753 delli
1447 1719 1550 1764 scudi
1573 1733 1600 1754 1.
1620 1721 1658 1754 V.
1678 1721 1734 1755 che
1761 1723 1806 1755 mi
1824 1721 1958 1756 haveite
1978 1731 2080 1755 tratto

1115 1771 1148 1801 in
1182 1769 1268 1801 Luco
1286 1793 1293 1807 ‚
1316 1770 1399 1801 conti
1432 1779 1488 1801 con
1508 1768 1556 1801 lui
1573 1771 1690 1816 pagati
1712 1794 1721 1809 ‚
1743 1768 1759 1802 ἐ
1777 1771 1834 1816 piu
1842 1769 1944 1816 scudi
1973 1769 2081 1813 3.6.8.

1114 1816 1151 1849 di
1171 1819 1238 1848 mia
1258 1817 1446 1862 provigione
1466 1841 1475 1854 ‚
1503 1815 1519 1849 e'
1540 1826 1600 1863 per
1624 1815 1828 1861 imborfhrmi
1850 1819 1888 1851 vi
1915 1817 1953 1850 ho
1975 1827 2076 1850 tratro

1106 1867 1209 1911 scum
1229 1865 1406 1908 996.i3.4.
1425 1864 1545 1910 &sol-7
1555 1876 1619 1906 14.
1644 1866 1681 1898 In
1705 1867 1843 1906 Otrqzvio
1865 1865 1985 1898 conto&
2004 1877 2054 1898 me
2068 1891 2079 1905 ,

1118 1913 1151 1947 (ty
1175 1914 1268 1955 sudi
1297 1914 1425 1956 6.i3.4.
1454 1914 1485 1944 in
1506 1913 1537 1945 lo
1557 1915 1619 1946 mio
1649 1913 1801 1947 Giacomo
1817 1924 1876 1961 per
1905 1914 1931 1947 li
1962 1914 2016 1946 28.
2043 1913 2082 1946 di

1116 1961 1228 2006 quello.
1249 1960 1273 1990 li
1285 1970 1488 2000 accetterete,
1512 1960 1529 1993 e*
1543 1960 1933 2009 pagheretesaldandone
1946 1962 1973 1996 il
1989 1972 2080 1997 como

1117 2020 1173 2041 coa
1205 2009 1296 2040 derra
1318 2010 1508 2055 provigione
1522 2034 1531 2047 ,
1553 2009 1572 2043 ἐι
1593 2011 1671 2044 Dio.

1521 2056 1686 2092 Giacomo.

1165 2103 1301 2146 Qnaero
1333 2103 1472 2148 septimo
1503 2131 1512 2147 ‚
1549 2105 1665 2152 quanti
1698 2105 1864 2142 vendatur
1891 2106 2076 2152 periculum

1115 2163 1272 2198 pecuniae
1296 2179 1304 2191 ,
1345 2152 1400 2186 seu
1432 2153 1568 2187 alterius
1593 2153 1712 2188 mercis
1736 2180 1745 2194 ,
1780 2153 1849 2189 hoc
1884 2154 1931 2189 est
1951 2180 1962 2197 ,
1991 2156 2077 2203 quid

1114 2202 1311 2234 allecuranti
1342 2200 1463 2235 alienas
1488 2200 1646 2246 pecunias
1664 2229 1673 2243 ‚
1709 2201 1764 2236 seu
1793 2213 1922 2237 merces
1950 2229 1960 2244 ,
1991 2205 2078 2240 solvi

1114 2248 1257 2283 debebat
1277 2256 1296 2292 ς·
1314 2260 1385 2283 iiam
1415 2249 1576 2283 reminisci
1601 2259 1740 2295 oportet
1767 2276 1776 2291 ,
1803 2250 1968 2296 eiusmodi
1991 2253 2080 2298 peri-

1115 2296 1229 2331 culum
1260 2296 1353 2342 poffe
1379 2297 1440 2331 e.‚i
1467 2325 1476 2337 ‚
1505 2299 1663 2334 ‹Sc-vendi
1687 2324 1696 2339 ,
1724 2307 1764 2332 ut
1788 2298 1857 2332 dixi
1874 2300 1951 2345 sup.
1979 2304 2022 2342 5.
2049 2314 2080 2336 ι.

1117 2358 1148 2392 q.
1182 2356 1209 2378 1.
1236 2356 1320 2378 num.
1352 2346 1426 2380 128.
1452 2345 1487 2382 ᾤ’
1505 2347 1600 2393 seqq.
1627 2346 1688 2394 qui
1713 2346 1799 2380 enim
1828 2345 1992 2384 assecurat
2017 2349 2080 2385 stat

1116 2391 1222 2428 veluti
1246 2391 1425 2440 fidejuffor
1445 2404 1604 2427 mercium
1628 2397 1662 2428 δε
1683 2404 1900 2440 pecuniarum
1922 2395 2081 2432 adversus

1114 2443 1359 2488 quemcunque
1384 2440 1494 2475 casum
1527 2440 1685 2476 sinistrum
1712 2470 1722 2481 ,
1749 2442 1782 2476 ὃ(
1817 2443 1896 2490 quia
1925 2456 1987 2489 pro
2022 2446 2081 2480 iilo

1115 2489 1270 2535 periculo
1300 2489 1425 2534 accipit
1451 2500 1625 2535 pretium,
1659 2490 1784 2536 dicitur
1816 2490 1962 2525 tendere
1994 2493 2080 2529 iliud

1116 2537 1301 2584 periculum
1326 2550 1340 2581 ;
1370 2540 1404 2573 ὃς
1432 2538 1588 2572 dominus
1614 2538 1771 2584 pecuniae
1792 2564 1801 2580 ‚
1831 2539 1966 2575 alterius
1993 2552 2081 2575 mer-

1117 2586 1167 2619 cis
1192 2584 1388 2620 assecuratae
1407 2611 1416 2627 ,
1445 2586 1525 2632 quia
1550 2585 1650 2622 {olvit
1666 2587 1813 2633 pretium
1838 2588 2003 2632 periculi,
2027 2589 2080 2623 di-

1116 2633 1204 2668 citur
1228 2643 1337 2668 emere
1362 2633 1445 2667 illud
1471 2634 1655 2680 peiicuium
1676 2661 1687 2677 ,
1706 2641 1748 2672 „tit
1775 2634 1843 2670 dixi
1857 2637 1933 2682 sup.
1957 2638 1988 2683 §.
2009 2649 2081 2684 r-q.

1116 2694 1149 2728 7.
1167 2692 1255 2728 part.
1280 2693 1312 2715 ι.
1338 2682 1436 2716 limir-
1460 2684 1492 2717 6.
1509 2694 1595 2716 num.
1623 2695 1652 2728 5.
1672 2686 1705 2736 of
1730 2682 1761 2716 ei
1780 2709 1791 2723 ‚
1816 2684 1874 2731 qui
1893 2683 2082 2730 fidejuben-

1118 2730 1165 2765 do
1193 2755 1204 2771 ,
1233 2728 1266 2763 se
1295 2729 1448 2775 periculo
1483 2731 1622 2776 exponit
1651 2757 1662 2773 ,
1690 2731 1806 2770 deberi
1838 2731 1976 2778 periculi
2005 2744 2083 2780 pre-

1117 2778 1202 2812 tium
1225 2803 1237 2819 ,
1265 2775 1410 2811 diximus
1433 2778 1510 2814 ead.
1531 2779 1630 2814 limit.
1656 2781 1688 2814 6.
1701 2776 1764 2826 sub
1788 2791 1911 2822 num.4.
1932 2781 1966 2814 ὅ(
1986 2792 2080 2826 aper-

1118 2825 1185 2870 tius
1206 2825 1268 2860 hac
1285 2825 1362 2860 ead.
1383 2827 1433 2874 gl.
1450 2827 1571 2861 num.6.
1592 2827 1704 2871 versic.
1722 2827 1861 2862 extende
1879 2853 1889 2868 ,
1907 2827 1943 2864 <fs
1959 2840 2081 2876 namq.

1120 2875 1154 2909 &
1179 2873 1256 2907 haec
1288 2874 1433 2920 quaessio
1458 2873 1550 2908 venir
1571 2874 1790 2910 consecutive
1813 2874 1856 2908 ad
1884 2876 2085 2922 praeceden-

1119 2931 1186 2957 tem
1201 2946 1211 2962 ,
1234 2921 1316 2968 quia
1337 2933 1414 2957 cuni
1440 2922 1472 2956 in
1496 2933 1535 2956 ea
1551 2922 1660 2960 ‚fuerit
1683 2923 1810 2958 dictum
1830 2923 1933 2958 solum
1954 2951 1963 2964 ‚
1984 2924 2084 2972 quod

1119 2968 1263 3005 debetur
1289 2980 1355 3003 una
1382 2970 1529 3016 provisio
1545 2996 1555 3012 ,
1581 2971 1616 3005 id
1639 2971 1709 3013 est,
1738 2982 1841 3005 urium
1860 2972 2003 3017 pretium
2021 2984 2084 3018 pro

1119 3017 1271 3063 periculo
1293 3016 1325 3053 in
1347 3017 1523 3052 commen
1550 3019 1669 3053 cambii
1691 3047 1702 3062 ‚
1731 3030 1821 3053 nunc
1839 3019 1937 3054 restat
1967 3020 2085 3054 viden-

1119 3064 1218 3105 dum,
1243 3075 1369 3112 quanta
1385 3065 1425 3100 fit
1449 3065 1527 3101 haec
1546 3067 1694 3113 provifio
1709 3094 1720 3110 ,
1735 3066 1820 3102 idest
1837 3078 1981 3114 pretium
1998 3083 2006 3106 ς
2021 3068 2084 3103 hac

1119 3112 1360 3149 reminiscentia
1386 3112 1563 3160 praeniissa.

1167 3160 1377 3207 Respondeo
1389 3187 1398 3202 ‚
1416 3161 1613 3207 colligendo
1633 3173 1785 3211 quatuor
1805 3161 1932 3209 species
1945 3173 2085 3199 contra-

1119 3208 1192 3243 &us
1209 3235 1219 3250 ,
1237 3210 1269 3242 in
1287 3209 1412 3256 quibus
1432 3209 1624 3256 contingit,
1643 3211 1920 3246 assecurationem
1941 3212 2083 3258 periculi

1117 3256 1395 3302 scrupulosiorem
1417 3256 1481 3292 esse
1496 3284 1506 3298 ,
1528 3269 1631 3304 quam
1655 3260 1688 3294 in
1711 3259 1780 3294 aliis
1803 3260 2043 3295 contractibus.

1167 3304 1276 3339 Prima
1295 3303 1422 3350 species
1435 3305 1626 3340 contrastus
1643 3308 1690 3342 est
1706 3307 1870 3341 cambium
1888 3310 1945 3344 2&
1965 3308 1998 3343 in
2019 3308 2082 3345 isto

1116 3352 1290 3390 contractu
1316 3353 1494 3389 considero
1515 3363 1665 3402 quatuor
1680 3351 1822 3396 monS,
1839 3355 1966 3402 quibus
1980 3355 2081 3391 solvi-

1117 3411 1172 3438 tur
1191 3399 1335 3446 pretium
1354 3401 1504 3445 pariculi.

1162 3448 1292 3484 Primus
1308 3447 1431 3484 modus
1445 3451 1491 3484 est
1504 3477 1513 3491 ,
1537 3449 1677 3499 quando
1699 3450 1820 3485 tertius
1837 3450 1881 3486 de
1902 3452 2081 3500 campsoris

1115 3496 1271 3532 mandato
1297 3495 1401 3542 exigit
1423 3498 1442 3532 a
1465 3497 1648 3545 campsorio
1673 3497 1825 3534 debitum
1854 3500 1974 3535 cambii
2001 3527 2010 3542 ‚
2047 3502 2081 3537 &

1116 3544 1267 3580 entium
1296 3544 1436 3581 remittit
1457 3545 1644 3593 campsori‚
1666 3545 1819 3593 periculo
1841 3545 1943 3594 ipsius
1970 3549 2082 3583 remit-

1118 3592 1219 3629 tentis
1232 3618 1241 3631 ,
1265 3591 1362 3637 juxta
1379 3592 1531 3629 ordinem
1544 3620 1552 3634 ,
1577 3594 1636 3628 fibi
1650 3593 1788 3630 datum:
1808 3595 1842 3630 δι
1856 3594 1937 3630 dico
1953 3621 1962 3634 ‚
1985 3595 2082 3643 quod

1117 3639 1269 3687 campsor
1295 3639 1392 3677 tertia
1420 3652 1514 3687 parte
1542 3642 1641 3679 unius
1669 3641 1756 3679 senti
1781 3652 1871 3678 emet
1897 3642 2084 3690 periculum

1944 3701 2084 3726 centum

2107 769 2153 807 ²?

2116 2122 2164 2164 ²92
