2400 3939
837 160 887 222 §.
945 152 1019 210 ΙῙ.
1069 150 1235 212 Glos.
1278 150 1355 209 V.

168 257 232 292 quae
250 243 285 286 fit
303 247 335 278 in
351 243 588 289 corporalibus,
609 255 638 277 n.
655 244 778 287 263.&
787 245 881 290 fi‘qq.
901 245 1079 290 ‘Transfsrt

167 293 191 326 ι’
204 295 344 326 iminium
357 316 367 326 .
391 290 426 328 &
444 302 550 324 omnes
568 291 727 332 afiionar,
746 302 776 323 n.
791 294 870 332 264.
932 317 934 322 ,

121 341 243 376 Cedens
255 338 381 386 quando
392 337 458 382 post
473 338 630 383 cefflonem
641 350 739 386 agere
753 349 812 371 non
819 337 918 385 poffit‚
932 337 965 374 &
982 348 1082 384 quan-

170 387 210 421 do
221 386 327 434 pqffir,
349 385 406 429 sub
425 398 455 417 n.
473 388 551 426 264.
565 385 598 422 ᾤ’
618 387 695 430 265.

120 437 222 483 C‘ffus
238 447 280 467 an
296 435 330 469 έν
346 433 473 480 quando
483 432 709 479 poffi'tsirlvere
724 433 863 473 cedenti,
880 432 940 478 sith
956 444 985 465 n.
998 435 1078 477 265.

170 483 215 516 Et
226 491 369 515 remanet
383 479 521 521 cedenti,
531 481 564 518 (ῤ’
579 479 760 527 ceffionario
773 480 948 528 obligatus,
962 484 1079 526 n.267.

120 528 328 577 Ceffionarius
341 529 514 575 praefertur
529 528 658 562 cedenti
675 530 708 561 in
719 527 855 577 agendo,
873 528 939 565 &a
953 539 983 562 n.
1001 530 1081 562 266.

120 577 321 624 Ceffionarius
336 586 396 624 per
409 574 538 610 modum
545 578 821 623 participationis,
838 576 861 616 li
872 575 970 610 cedat
980 576 1082 609 alteri

155 624 352 671 simpliciter
363 623 500 657 eundem
514 635 683 657 numerum
690 623 753 666 fibi
767 625 877 673 ceffum
887 650 897 665 ,
918 624 952 659 (α’
966 624 1022 669 iste
1026 625 1082 669 se-

166 671 292 708 cundus
304 670 524 718 ceffionarius·,
537 682 665 705 attenta
676 673 782 717 priori
793 674 933 718 cessione
942 683 1002 718 per
1014 683 1078 706 mo-

167 720 246 756 dum
260 721 528 767 participationis
537 745 546 760 ,
561 731 622 753 non
635 719 756 754 habeat
767 731 934 754 numerum
946 719 1003 759 libi
1013 720 1080 765 cesL

157 770 248 815 sitm,
265 768 365 814 potest
380 778 479 815 agere
492 777 605 801 contra
619 766 803 809 cedentem,
819 780 851 803 n.
867 768 945 811 269.
964 768 998 805 ᾤ’
1006 770 1080 816 seq.

167 818 202 850 in
214 815 329 862 quibus
347 814 546 850 virtualiter
560 815 767 849 declaratur.

99 893 103 896 .
122 863 280 899 Venditor
296 875 358 899 non
370 872 498 898 tenetur
509 862 552 897 de
569 863 736 904 evit'iione,
752 862 810 910 mfi
813 862 856 908 fit
863 865 996 911 secuta,
1014 861 1079 898 &c-

172 922 204 946 n.
219 912 298 958 285.

123 960 227 1006 Ceslrio
236 963 268 994 in
276 959 374 995 dubio
384 960 581 1009 intelligitur
587 969 699 993 contra
709 960 951 1005 cessionarium,
961 971 992 993 n.
999 973 1015 993 2
1022 961 1079 1008 76.

123 1008 356 1054 cessionarius,
374 1009 409 1046 ᾤ’
464 1010 497 1041 in
518 1004 769 1054 ubstantialibus
781 1007 801 1041 ὰ
810 1010 889 1056 pari
894 1007 1085 1054 procedunt,

124 1059 262 1102 Emptor
425 1021 551 1096 }num.
571 1068 650 1104 277.

119 1105 226 1150 Cesiio
244 1106 380 1140 nominis
393 1105 550 1139 debitoris
563 1106 727 1152 presentis
740 1131 747 1143 ,
771 1106 825 1150 qui
841 1105 874 1147 se
888 1103 1005 1151 obliget
1019 1104 1084 1149 cesl

161 1151 296 1192 fionario
302 1153 448 1199 solvere,
465 1152 508 1200 est
520 1151 686 1199 delegatio
696 1178 706 1193 ,
728 1162 789 1199 per
804 1162 902 1198 quam
917 1151 1083 1185 inducitur

161 1203 295 1234 novatio
311 1226 321 1242 ,
341 1212 426 1234 num.
445 1200 523 1234 280.
551 1200 720 1235 Liberatio
733 1200 768 1237 (β’
785 1200 920 1244 fidutia,
946 1212 975 1233 n.
998 1201 1080 1234 281.

164 1248 245 1282 282.
265 1249 345 1294 285.
367 1248 401 1285 ό
430 1249 509 1294 ²37·
539 1249 583 1281 Et
602 1259 668 1297 que
688 1251 900 1295 requirantur
914 1248 962 1281 ad
987 1249 1078 1297 lega-

165 1299 282 1331 tionem
296 1323 307 1338 ‚
333 1297 404 1330 eod.
422 1309 454 1330 n.
472 1297 553 1330 281.

114 1342 290 1392 Delegatio
310 1347 448 1379 nominis
471 1343 628 1378 debitoris
656 1357 722 1393 que
742 1344 898 1386 dicatur,
936 1345 970 1380 ὠ
1001 1343 1080 1392 quid

164 1404 331 1434 operetur,
353 1408 383 1429 n.
399 1393 475 1427 280.
495 1391 629 1439 &seqq
647 1394 726 1438 287.
752 1394 785 1429 &³
800 1395 892 1440 seqq.
925 1394 968 1426 Et
985 1394 1083 1440 potest

165 1440 237 1479 fieri
249 1445 350 1475 etiam
365 1441 646 1485 [inesiipztlatione
661 1468 670 1481 ,
693 1452 723 1474 n.
743 1441 822 1482 284.
842 1444 874 1474 in
892 1441 965 1482 fine.

115 1489 284 1539 Delegans
305 1500 430 1523 tenetur
436 1490 546 1537 solum
566 1490 717 1534 presiate
732 1516 741 1528 ,
772 1490 969 1527 debitorem,
990 1492 1081 1532 cit-fus

166 1542 279 1574 nomen
292 1538 436 1586 delegat,
455 1537 511 1585 ‘ff‘’
530 1537 607 1570 vere'
619 1539 713 1583 suum
727 1537 905 1572 debitorem
920 1564 930 1578 ,
942 1537 1008 1584 fi’d
1027 1549 1085 1570 nott

163 1595 291 1620 tenetur
301 1587 464 1633 praefiare,
478 1597 550 1619 eum
566 1585 621 1632 effe
641 1585 800 1624 idoneum,
819 1598 849 1620 n.
863 1586 904 1619 28
915 1598 944 1630 3.
965 1588 999 1622 (y
1012 1597 1083 1627 29¹·

114 1634 292 1683 Delegatio
311 1661 320 1674 ,
347 1634 369 1672 (i
397 1634 518 1668 habeat
542 1634 642 1680 paffla
667 1637 836 1668 contraria
861 1635 1079 1683 delegztioni,

163 1694 223 1716 non
236 1682 279 1727 est
298 1681 464 1731 delegatio
479 1709 488 1721 ,
515 1695 546 1714 n.
562 1682 646 1715 286.

112 1730 286 1775 Delegatio
307 1731 612 1778 perimitafiioietn
635 1734 832 1777 primevam
851 1758 858 1770 ,
892 1732 977 1778 ιιιξιίε
1002 1732 1080 1764 licet

149 1776 312 1825 sequatur
338 1779 456 1813 evit‘iio
477 1781 612 1812 nominis
644 1778 792 1827 delegati
808 1805 816 1819 ,
853 1790 923 1812 tavi
930 1794 963 1812 fn
998 1779 1083 1812 ustio

159 1838 220 1860 non
242 1829 419 1874 reviviscit
443 1837 555 1862 cantra
578 1825 803 1873 delegimem,
828 1828 861 1863 {J
888 1839 989 1874 asstare
1004 1854 1012 1867 ,
1049 1839 1079 1860 n.

161 1874 240 1908 288.
255 1875 290 1912 (ρ’
303 1876 380 1918 28'9.
418 1876 627 1909 Declarancr
647 1871 870 1924 distinguendo
891 1877 1005 1921 casus,
1033 1888 1084 1908 nu.

164 1936 242 1966 290.
272 1924 317 1958 Et
331 1937 395 1971 quae
414 1923 447 1963 fit
461 1924 615 1964 cautela,
637 1935 675 1957 ne
690 1921 899 1973 extinguatur
917 1925 1002 1958 attio
1014 1926 1086 1971 pri-

163 1983 288 2010 mieva,
315 1971 374 2019 fieb
390 1985 521 2014 n,291.

116 2020 303 2056 Periculum
319 2023 456 2054 nominis
481 2020 631 2068 delegati
649 2023 789 2067 pertinet
804 2021 851 2054 ad
878 2021 1084 2062 creditorem,

169 2071 224 2102 cui
237 2069 280 2113 est
292 2068 486 2116 delegatum
500 2095 509 2109 ,
527 2081 558 2101 n.
573 2081 651 2112 292.

113 2116 254 2154 Debitor
266 2143 276 2157 ,
300 2115 348 2150 ad
365 2120 455 2160 cujus
479 2117 663 2157 instantiam
678 2119 824 2163 campfor
838 2121 1000 2164 promittit
1016 2130 1083 2151 cre-

168 2164 514 2211 ditorisesoluturum
530 2192 539 2205 ,
567 2166 763 2213 intelligitur
792 2165 976 2206 liberatus,
1009 2167 1086 2200 licet

161 2213 222 2246 ille
239 2213 386 2259 camp-fiir
397 2213 505 2259 polica
520 2214 686 2248 decoxerit
698 2241 706 2253 ,
728 2213 796 2250 &tu
812 2227 844 2247 n.
860 2227 938 2258 293.
952 2215 986 2251 ὅς’
1005 2217 1083 2257 296.

161 2260 303 2303 Rejettis
316 2263 485 2295 contraria
500 2263 654 2307 opint'one.
668 2274 697 2294 n.
714 2275 754 2305 29
762 2275 790 2304 4.
819 2264 862 2296 Et
876 2263 1086 2307 distinctione.

161 2320 193 2342 n.
205 2319 285 2354 295.
310 2310 378 2342 Im)
392 2309 590 2358 intelligitur
605 2309 766 2344 liberatus
779 2338 788 2351 ,
809 2313 909 2344 etiam
920 2311 1089 2353 siisle¹de-

164 2356 252 2393 bitor
265 2356 436 2406 delegatus
454 2359 639 2405 promiserit
659 2359 792 2403 fiilvere
807 2385 817 2400 ,
844 2358 879 2395 ὠ
901 2363 932 2393 ei
949 2359 1091 2394 manda-

167 2415 234 2439 tum
247 2405 335 2452 effet,
364 2417 398 2439 ut
423 2405 577 2448 solveret.
603 2419 635 2439 n.
652 2418 737 2451 300.

118 2452 260 2487 Debitor
273 2480 283 2492 ,
311 2457 403 2496 cujus
429 2466 539 2487 nomen
563 2453 741 2502 delegatur
753 2482 762 2496 ,
795 2457 940 2502 censetur
967 2454 1093 2489 libera-

171 2512 223 2535 tus
245 2501 264 2536 ὰ
279 2501 461 2549 delegante.
488 2514 518 2535 n.
533 2513 612 2548 300.
628 2504 663 2539 &³
684 2516 761 2549 302.
800 2504 932 2547 Rejefia
950 2505 1093 2551 opinione

170 2561 352 2584 contraria.
372 2562 402 2582 n.
421 2562 500 2592 30¹·

120 2598 260 2632 Debitor
278 2597 299 2633 [ἱ
314 2597 471 2632 creditori
499 2601 687 2645 promiserit
704 2601 794 2646 infra
811 2612 931 2634 annum
951 2600 1092 2643 solvere,

169 2647 205 2683 (9³
220 2645 350 2680 dederit
368 2645 448 2680 bona
475 2660 547 2680 cuvn
567 2644 662 2694 pasto
676 2674 684 2687 ‚
706 2644 740 2681 ui
753 2659 811 2681 non
821 2649 916 2694 fabia
933 2649 1091 2695 solutione

169 2695 259 2741 infra
279 2705 418 2731 annum,
445 2695 634 2739 censeantur
653 2699 682 2728 ei
705 2696 789 2730 dita
803 2700 834 2730 in
844 2697 990 2743 solutum
1010 2709 1022 2740 ;
1048 2708 1091 2730 an

170 2742 315 2776 creditor
340 2742 429 2789 lapso
451 2754 534 2777 anno
560 2745 661 2790 possit
691 2758 797 2793 agere,
818 2757 930 2779 contra
955 2745 1096 2778 credito-

166 2802 252 2831 rem,
272 2790 401 2826 &nolle
420 2791 482 2824 illa
498 2790 579 2825 bona
597 2794 790 2837 insolutum.
812 2805 843 2827 n.
860 2798 937 2838 30'3.
952 2791 986 2829 θ
998 2795 1094 2840 seqq.

122 2838 260 2879 Debitor
288 2851 359 2872 cum
379 2838 538 2886 intereffe,
567 2840 591 2881 ft
613 2841 772 2875 creditori
792 2843 848 2876 det
876 2843 996 2889 Pignus
1022 2853 1093 2876 cum

166 2886 285 2934 palio,
313 2898 348 2921 ut
382 2886 403 2924 li
422 2899 481 2920 non
501 2888 648 2934 solverit
679 2892 767 2934 infr-1
789 2890 858 2923 tale
883 2900 1030 2935 tempus,
1057 2898 1092 2922 ut

167 2936 268 2982 possit
289 2933 436 2968 vendere
446 2937 562 2984 pignus
578 2964 586 2978 ,
615 2937 650 2974 &
666 2938 784 2973 (ibimet
802 2938 928 2981 solvere
940 2963 950 2976 ,
976 2937 1010 2973 (α’
1027 2949 1097 2972 cre-

170 2981 260 3016 ditor
289 2993 350 3016 non
373 2982 588 3026 vendiderit,
626 2998 669 3020 an
687 2986 729 3032 sit
753 2985 913 3021 liberatus
933 2984 974 3019 ab
999 2988 1098 3018 inter-

174 3029 252 3076 effe,
276 3031 550 3075 n.311.&314.

127 3078 305 3120 Hebraeus,
322 3078 444 3220 }quia
462 3079 481 3114 ὰ
496 3078 642 3114 debitore
658 3084 804 3129 accepit,
834 3083 952 3130 pignus
975 3092 1101 3116 tenetur

143 3125 209 3171 seu
368 3129 466 3161 etiam
494 3126 537 3161 de
555 3128 626 3162 levi
645 3130 753 3178 culpa.
769 3142 799 3163 n.
818 3141 896 3175 312.
910 3130 944 3166 ἔθ’
960 3140 1030 3176 313.

130 3175 285 3210 Creditor
297 3200 307 3216 ,

127 3223 295 3263 Debitor,
318 3222 480 3269 faciendo
510 3223 630 3258 literas
654 3224 776 3259 cambii
807 3227 968 3273 campsbri
993 3252 1001 3266 ,
1029 3227 1103 3274 sol-

170 3269 283 3306 venda
309 3269 351 3305 ab
368 3269 437 3303 alio
459 3272 644 3319 campsore,
682 3275 738 3319 q'ui
762 3273 820 3307 vel
840 3286 1017 3320 antequam
1045 3287 1102 3309 eas

169 3329 343 3362 acceptet,
371 3318 428 3352 vel
449 3319 516 3365 post
542 3323 800 3368 acceptationem
831 3321 1006 3368 decoquit,
1043 3334 1104 3357 non

168 3366 369 3416 intelligitur
385 3366 548 3401 liberatus
560 3394 570 3408 ,
601 3370 755 3416 quamvis
768 3380 906 3416 uterque
924 3371 1044 3405 literas
1062 3371 1105 3404 il-

167 3415 222 3450 las
250 3417 489 3460 acceptaverit.
519 3427 604 3449 num.
632 3418 713 3460 246.
741 3417 776 3453 (ff
815 3430 894 3463 3¹5·
933 3419 979 3452 Et
1001 3419 1104 3452 multo

166 3465 272 3498 minus
297 3462 463 3498 liberatur
479 3489 488 3504 ‚
507 3463 537 3508 fi
559 3464 619 3499 ille
633 3492 644 3508 ,
667 3470 721 3501 cui
754 3476 850 3500 erant
873 3465 1025 3508 direttae,
1051 3478 1109 3500 eas

165 3522 226 3545 non
242 3513 493 3559 accepta-vitaz.
520 3524 605 3560 247.

34 3606 109 3644 ¹⁸44
133 3603 333 3697 QUaero
359 3605 471 3658 VIII.
492 3619 559 3654 ego
571 3610 692 3657 vigore
704 3611 872 3646 literarum
887 3610 1007 3645 cambii
1022 3622 1111 3645 eram

26 3708 30 3714 .
223 3662 261 3688 tu
274 3665 313 3690 us
327 3650 468 3692 debtorl
491 3655 536 3693 de
557 3655 660 3695 scutis
678 3671 756 3697 ¹00.
778 3658 947 3695 solvendis
959 3659 992 3693 in
1003 3659 1117 3707 proxi—

1133 254 1188 275 mo
1206 240 1281 275 foro
1300 241 1501 280 Placentiae,
1527 241 1559 274 &
1583 240 1712 276 Ceulus
1734 240 1765 274 in
1781 239 1902 274 eodem
1928 239 2005 276 foro
2030 251 2104 277 erat

1133 289 1270 324 debitor
1286 301 1380 323 meus
1397 289 1428 323 in
1451 288 1594 323 totidem
1610 288 1680 321 aliis
1690 298 1703 321 ¹:
1736 287 1806 321 Hic
1823 287 1952 323 Ceulus
1970 288 2012 323 ad
2033 289 2098 322 mei

1134 336 1342 376 instantiam,
1368 336 1451 371 fecit
1478 335 1537 370 tibi
1555 337 1663 370 literas
1681 335 1801 368 cambii
1825 335 1993 370 ditinum
2018 335 2102 377 ¹scu-

1135 394 1250 418 torum
1277 396 1354 418 100.
1376 383 1614 419 solvendorum
1643 382 1768 416 Roma:
1787 383 1805 415 ἐι
1830 382 1946 418 Banco
1971 385 2015 417 de
2033 383 2098 417 Ol-

1131 431 1252 477 giatis,
1279 433 1313 467 &
1340 432 1419 466 ideo
1450 442 1487 466 tu
1504 431 1625 465 habitis
1646 430 1708 463 illis
1739 429 1865 469 literis,
1891 443 1940 463 me
1957 431 2100 464 liberasti

1132 479 1166 513 in
1191 490 1292 515 cauta
1316 480 1444 514 forma:
1463 479 1598 519 evenit,
1618 477 1717 525 quod
1728 487 1909 524 antequam
1931 479 2099 512 banchum

1132 526 1176 561 de
1201 527 1349 574 Olgiatis
1362 537 1520 571 acceptet
1544 527 1678 566 literas,
1709 525 1840 559 Ceulus
1871 526 2010 560 decoxit
2027 553 2035 566 ‚
2064 527 2099 560 &

1134 574 1215 608 ideo
1236 575 1405 610 banchum
1433 575 1478 610 de
1507 574 1656 620 Olgiatis
1681 584 1750 606 non
1777 584 1934 617 acceptat
1963 573 2100 607 literas:

1133 622 1327 664 dubitatur,
1353 635 1394 657 an
1408 633 1474 668 ego
1492 622 1547 656 fim
1565 621 1725 656 liberatus
1740 646 1749 660 ,
1767 619 1822 654 seu
1838 621 1955 667 potius
1973 631 2011 654 tu
2027 619 2103 667 pos-

1132 670 1172 704 fis
1198 670 1322 706 habere
1352 668 1534 716 regressum
1562 680 1681 704 contra
1717 680 1793 710 me,
1828 679 1868 702 ex
1900 681 1973 716 quo
1994 670 2102 704 literae

1135 718 1236 753 Ceuli
1251 730 1320 754 non
1337 718 1530 753 habuerunt
1553 715 1726 752 effectum.

1185 766 1292 801 Prima
1315 766 1433 813 opinio
1460 765 1506 798 est
1529 764 1722 799 affirmativa
1738 791 1746 803 ,
1777 763 1876 812 quod
1909 764 1960 798 sim
1984 764 2104 797 libera-

1134 823 1191 849 tus
1213 815 1247 849 δε
1269 814 1360 849 solus
1381 813 1512 847 Ceulus
1533 811 1721 848 remanterit
1745 811 1901 846 debitor:
1942 813 2010 846 {ine
2034 811 2102 845 ulla

1134 862 1191 909 spe
1214 861 1359 897 habendi
1388 859 1547 896 adversus
1575 871 1628 893 me
1662 859 1862 906 regressum:
1900 860 1982 906 quia
2007 871 2074 905 ego
2093 885 2103 900 ,

1135 911 1216 946 dum
1244 911 1306 947 tibi
1330 909 1409 944 dedi
1440 909 1553 943 literas
1582 907 1683 944 Ceuli
1709 934 1719 948 ,
1756 908 1853 943 dicor
1878 906 2010 941 solvisse
2042 907 2103 942 de-

1135 960 1242 994 bitum
1258 986 1267 1001 ,
1298 959 1333 993 &1
1356 956 1497 993 maxime
1518 956 1617 1005 qu‘od
1649 965 1688 990 tu
1711 955 1774 990 illis
1798 955 1918 988 habitis
1942 967 1994 989 me
2020 955 2105 989 libe·

1135 1007 1209 1042 rasti
1232 1007 1266 1041 in
1288 1015 1387 1041 cauta
1407 1004 1536 1047 forma;
1568 1006 1602 1040 δε
1624 1004 1845 1038 inveteratam
1873 1002 1939 1037 esse
1958 1002 2102 1037 consue-

1135 1054 1306 1096 tudinem,
1327 1054 1426 1102 quod
1448 1053 1614 1101 quaelibet
1635 1051 1805 1098 promiffio
1821 1077 1829 1090 ‚
1864 1050 1948 1084 faeta
1969 1051 2000 1084 in
2023 1051 2105 1084 ban-

1136 1104 1203 1137 cho
1229 1103 1412 1137 mercantili
1430 1129 1440 1144 ,
1480 1101 1580 1136 cedat
1608 1101 1690 1135 loco
1723 1099 1922 1139 solutionis,
1966 1098 2104 1133 (ecatus

1135 1148 1204 1185 sum
1225 1154 1325 1196 supra
1347 1163 1432 1185 num.
1454 1152 1510 1194 63.
1533 1150 1568 1186 ἅτ
1598 1151 1655 1190 64.
1689 1147 1846 1196 hancque
1878 1146 2104 1181 cousuetudi-

1136 1210 1209 1233 nem
1234 1198 1430 1237 Genuenses
1456 1197 1586 1233 statutis
1615 1196 1673 1231 lib.
1705 1208 1738 1238 4.
1763 1206 1833 1242 cap.
1860 1207 1891 1239 7.
1922 1197 1954 1242 ξ.
1977 1195 2102 1241 penult.

1136 1247 1399 1289 confirmarunt;
1427 1247 1460 1280 &
1485 1246 1584 1294 quod
1607 1246 1649 1280 de
1667 1243 1754 1290 stylo
1772 1270 1780 1283 ,
1810 1243 1832 1277 fi
1853 1255 1900 1284 is,
1930 1255 1986 1278 cu*
2016 1255 2105 1289 prae-

1135 1294 1304 1329 sentantur
1322 1295 1430 1329 literae
1451 1294 1596 1334 cambii,
1624 1303 1662 1328 ut
1686 1305 1741 1327 eas
1762 1291 1873 1327 solvat
1900 1290 2106 1338 praesentan-

1138 1344 1180 1384 ti,
1213 1342 1332 1378 scribat
1353 1343 1385 1376 in
1412 1341 1472 1377 suo
1495 1341 1583 1376 libro
1609 1340 1716 1387 ipsum
1749 1339 2023 1385 praesentantem,
2061 1339 2107 1373 fic

1136 1391 1306 1425 volem-:m
1320 1418 1329 1432 ,
1357 1403 1419 1436 pro
1438 1389 1610 1424 creditore
1624 1389 1726 1435 ipsius
1743 1386 1931 1428 scribentis,
1957 1387 2011 1420 illa
2028 1399 2108 1433 pro⁶

1135 1437 1238 1473 millio
1270 1439 1333 1473 stet
1356 1439 1438 1472 loco
1456 1437 1658 1479 solutionis,
1696 1436 1815 1484 quoad
1839 1446 1935 1475 eum,
1968 1434 2029 1481 qui
2056 1433 2106 1468 fe-

1138 1500 1184 1521 cit
1213 1488 1323 1522 literas
1350 1486 1492 1529 cambii3
1526 1485 1621 1520 secus
1646 1495 1761 1522 autem
1790 1484 1813 1519 fi
1833 1483 1943 1519 litera:
1968 1483 2029 1518 fint
2054 1481 2108 1517 so-

1134 1536 1202 1569 lun
1219 1546 1409 1581 acceptata:
1426 1561 1434 1574 ,
1465 1536 1500 1569 δε
1517 1543 1660 1568 retentae
1683 1534 1725 1566 ab
1746 1545 1788 1568 eo
1803 1559 1812 1573 ,
1841 1530 1885 1565 ad
1903 1543 2006 1578 quem
2028 1530 2101 1564 mis-

1136 1585 1179 1618 sae
1206 1583 1303 1626 ΕΜΓ,
1333 1583 1412 1632 quia
1435 1583 1513 1617 haec
1528 1581 1741 1628 acceptatio,
1765 1582 1799 1616 &
1816 1591 1961 1615 retentio
1983 1578 2109 1612 habent

1137 1631 1274 1679 quidem
1312 1644 1377 1664 Vim
1410 1629 1652 1677 promiffionis,
1690 1639 1729 1663 ut
1756 1639 1940 1674 acceptans
1971 1638 2106 1673 repute-

1137 1691 1193 1714 tur
1221 1680 1358 1726 sponsor
1374 1707 1384 1721 ,
1415 1678 1471 1714 sed
1497 1691 1564 1712 non
1588 1678 1710 1712 habent
1732 1677 1797 1712 vim
1821 1674 2019 1716 solutionis,
2059 1675 2108 1709 ita

1138 1739 1177 1762 ut
1201 1728 1359 1769 debitor,
1397 1729 1457 1776 qui
1478 1726 1589 1761 literas
1610 1726 1714 1767 fecit,
1752 1725 1791 1760 fit
1812 1724 1973 1759 liberatus
1990 1749 1999 1764 ,
2026 1721 2110 1770 quia

1140 1789 1178 1811 ex
1200 1776 1254 1810 illa
1273 1775 1338 1810 sola
1361 1773 1599 1823 acceptatione
1617 1801 1626 1816 ,
1656 1774 1690 1808 &
1720 1773 1910 1818 retentione
1935 1771 2111 1807 literarum

1140 1838 1208 1859 non
1233 1824 1411 1870 colligitur
1433 1823 1564 1857 animus
1587 1821 1767 1857 creditoris
1784 1849 1793 1862 ,
1832 1820 1930 1868 quod
1959 1819 2112 1854 voluerit

1141 1874 1229 1907 illam
1260 1872 1481 1907 retentionem
1516 1871 1638 1905 habere
1674 1882 1735 1916 pro
1763 1868 1935 1905 solutione
1956 1896 1964 1909 ‚
1997 1867 2113 1901 scribit

1142 1924 1279 1956 Hieron.
1302 1921 1404 1956 Gabr.
1420 1922 1503 1967 cons.
1529 1930 1606 1966 155.
1639 1919 1792 1956 Iacobus.
1820 1930 1905 1952 num.
1926 1929 1980 1961 23.
1999 1916 2032 1952 Θ
2057 1928 2113 1958 24·

1142 1971 1198 2005 lib.
1221 1983 1248 2003 1.
1270 1972 1303 2005 δε
1327 1969 1427 2017 quod
1450 1969 1471 2002 fi
1493 1979 1558 2013 ego
1577 1968 1731 2003 contraxi
1747 1965 1913 2005 cambium
1938 1977 2016 1999 cum
2031 1975 2115 1997 mer-

1142 2029 1259 2053 catore
1283 2019 1316 2051 in
1345 2017 1496 2054 Civitate
1515 2015 1684 2056 Pisarurn,
1711 2015 1780 2049 hoe
1806 2013 1914 2049 modo
1938 2011 2116 2063 quodtip-

1142 2067 1174 2101 se
1196 2067 1322 2101 faceret
1345 2066 1425 2100 mihi
1457 2065 1568 2100 literas
1591 2063 1714 2098 cambii
1748 2062 1791 2097 ad
1818 2060 1989 2110 quendam
2015 2061 2116 2112 aliurn

1142 2126 1361 2149 mercatorem
1393 2115 1425 2148 in
1458 2113 1597 2148 civitate
1624 2112 1876 2151 Venantum,
1920 2110 1955 2143 in
1990 2109 2119 2156 quibus

1143 2164 1404 2203 continebatur,
1434 2161 1532 2209 quod
1559 2161 1614 2194 ille
1642 2160 1782 2195 deberet
1803 2158 1885 2194 mihi
1904 2157 2034 2193 solvere
2049 2183 2059 2197 ‚
2083 2156 2119 2191 δε

1143 2211 1240 2258 super
1270 2211 1300 2245 se
1323 2211 1476 2257 recipere
1507 2209 1597 2243 istud
1618 2207 1787 2244 cambium
1811 2233 1822 2249 ,
1856 2207 1890 2242 &
1909 2206 1966 2240 ille
1988 2215 2118 2239 merca-

1143 2270 1198 2295 tor
1228 2259 1453 2295 Venetiarum
1477 2257 1672 2305 acceptavit
1687 2257 1801 2290 literas
1817 2281 1826 2296 ,
1855 2254 1912 2288 fibi
1939 2254 1958 2288 a
1981 2265 2034 2288 me
2053 2252 2116 2304 de-

1143 2308 1224 2343 latas
1241 2335 1250 2349 ,
1285 2309 1319 2342 &
1347 2318 1527 2354 antequam
1553 2305 1633 2340 mihi
1658 2304 1807 2340 solveret
1832 2302 1988 2350 aufugit,
2032 2311 2121 2352 pert-

1144 2357 1258 2391 culum
1282 2356 1321 2391 fit
1347 2355 1410 2390 mei
1429 2353 1629 2395 creditoris,
1654 2353 1708 2390 vel
1728 2353 1808 2401 quia
1826 2352 1919 2386 brevi
1946 2360 2046 2384 manu
2068 2359 2122 2382 vt-

1145 2405 1246 2440 detur
1277 2403 1356 2438 mihi
1394 2401 1582 2437 numerasse
1602 2428 1611 2442 ,
1650 2402 1684 2437 δε
1717 2413 1785 2448 ego
1817 2411 1921 2447 penes
1949 2409 2027 2433 eum
2059 2396 2121 2449 de-

1146 2464 1237 2488 mum
1265 2452 1298 2486 in
1322 2451 1514 2498 depositum
1530 2448 1694 2497 posuisse,
1723 2450 1777 2484 vel
1800 2448 1883 2496 quia
1901 2447 2038 2483 videtur
2059 2457 2122 2479 mi-

1148 2502 1182 2535 h'i
1213 2499 1437 2541 satisfactum,
1471 2511 1510 2533 ex
1529 2511 1600 2546 quo
1628 2497 1807 2544 acceptavi
1830 2496 1924 2530 illum
1952 2504 2122 2545 mercato-

1150 2562 1217 2585 rern
1250 2548 1498 2588 venetiarum,
1540 2547 1575 2582 δε
1595 2546 1642 2581 est
1681 2546 1784 2582 tacite
1827 2544 1912 2580 faeta
1945 2552 2091 2578 novatio
2111 2566 2122 2582 ,

1151 2609 1227 2632 curn
1252 2597 1290 2632 fit
1325 2596 1409 2630 facta
1432 2595 1638 2643 permutatio
1672 2594 1840 2630 debitoris
1864 2620 1874 2634 ,
1910 2590 2061 2627 referunt
2088 2590 2124 2624 &

1150 2646 1338 2693 sequuntur
1362 2647 1449 2679 Petr.
1469 2646 1509 2678 de
1526 2643 1624 2679 Ubal.
1642 2644 1739 2677 traci.
1759 2643 1802 2677 de
1815 2642 1911 2676 duob.
1922 2642 2029 2689 fratr.
2047 2648 2124 2685 par.

1152 2697 1183 2729 8.
1203 2696 1308 2741 princ.
1334 2693 1436 2740 quiesi,
1467 2705 1519 2738 32·
1548 2704 1632 2726 num.
1665 2703 1718 2736 33.
1750 2702 1825 2725 tom.
1852 2691 1884 2724 6.
1906 2700 1982 2737 par.
2008 2700 2034 2721 1.
2057 2686 2126 2732 fol.

1154 2753 1231 2786 159.
1255 2741 1426 2776 Alexand.
1449 2742 1529 2788 cons.
1557 2753 1614 2784 94.
1639 2742 1711 2787 viso
1738 2739 1860 2788 punflo,
1889 2750 1974 2771 num.
1994 2748 2023 2781 3.
2046 2735 2092 2768 ibi
2114 2760 2125 2773 ,

1150 2795 1299 2825 contraxi
1321 2790 1496 2826 cambium.
1523 2789 1580 2822 lib.
1607 2801 1636 2833 3.
1670 2791 1805 2822 Maran.
1828 2789 1860 2819 in
1869 2788 1929 2833 suo
1938 2788 2031 2830 spec.
2047 2793 2124 2829 par.

1152 2843 1183 2874 6.
1198 2840 1261 2874 ait.
1278 2841 1308 2873 6.
1326 2852 1356 2874 n.
1378 2849 1431 2882 50.
1447 2839 1534 2885 vers.
1545 2837 1610 2884 sed
1624 2849 1708 2871 ecce.
1723 2836 1783 2880 fol.
1804 2835 1882 2880 386.
1909 2832 2027 2876 sebast.
2052 2832 2126 2864 Me-

1151 2887 1218 2922 dic.
1236 2888 1333 2921 traffl.
1351 2887 1394 2921 de
1407 2887 1541 2933 fortuit.
1555 2885 1649 2925 casib.
1664 2897 1716 2930 qu.
1741 2896 1792 2917 to.
1804 2895 1836 2916 n.
1850 2895 1907 2928 79.
1927 2893 2001 2914 rom.
2017 2878 2123 2926 7.fol.

1153 2948 1232 2969 221.
1253 2936 1351 2970 Sttrd.
1368 2936 1450 2981 cons:
1472 2932 1751 2983 145.scipi0.sub
1770 2943 1801 2964 n.
1821 2942 1856 2973 9.
1877 2929 1910 2966 (θ’
1932 2940 1982 2963 ιο.
2012 2927 2070 2962 lib.
2094 2938 2123 2960 1.

1154 2986 1188 3021 (ss
1208 2988 1301 3021 Joan.
1325 2986 1422 3028 Bapt.
1437 2985 1557 3016 Cavat.
1574 2981 1670 3016 trabi.
1689 2980 1730 3014 de
1752 2977 1855 3013 camb.
1878 2977 1969 3011 titul.
1984 2975 2027 3009 de
2041 2975 2124 3009 dan-

1151 3044 1192 3069 te.
1207 3033 1294 3076 vers.
1315 3043 1416 3078 qrtaero
1438 3029 1674 3077 campsornsol.
1696 3039 1772 3073 234.
1798 3028 1832 3060 <Sc
1848 3024 1946 3073 quod
1967 3023 1988 3057 si
2012 3033 2124 3068 camp-

1153 3080 1204 3115 sor
1225 3079 1320 3114 <ledit
1349 3080 1409 3113 suo
1437 3077 1598 3112 creditori
1622 3077 1732 3111 literas
1756 3075 1876 3108 cambii
1898 3072 1940 3105 ad
1961 3081 2124 3105 mercato·

1156 3141 1222 3162 rem
1249 3128 1394 3174 aliquem
1410 3152 1419 3164 ,
1444 3125 1605 3160 liberetur
1621 3151 1630 3164 ,
1663 3123 1684 3158 fi
1713 3122 1864 3157 creditor
1891 3121 1982 3154 illum
2002 3129 2126 3152 merca-

1156 3187 1264 3211 torem
1291 3184 1448 3220 acceptet
1477 3185 1538 3219 pro
1565 3173 1723 3207 debitore
1751 3198 1758 3210 ,
1797 3169 1877 3216 quia
1907 3167 2124 3219 acceptando

1156 3223 1410 3260 nummularium
1423 3248 1432 3262 ,
1464 3221 1599 3256 videtur
1621 3220 1677 3254 sibi
1694 3218 1890 3254 satisfactum
1907 3216 1971 3250 este
1986 3241 1995 3254 ,
2015 3212 2126 3268 sequi-

1159 3284 1214 3309 tur
1239 3272 1333 3305 Surd.
1349 3271 1383 3306 d.
1405 3271 1487 3311 cons.
1508 3281 1582 3314 145.
1601 3282 1684 3302 num.
1703 3280 1749 3310 ¹9=
1770 3264 1928 3310 versiculo
1949 3264 2045 3296 tertio
2063 3268 2127 3307 ja-

1158 3326 1214 3357 cit.
1232 3321 1265 3355 &
1281 3318 1504 3364 (accedendo
1525 3315 1752 3363 propinquius
1766 3314 1807 3347 ad
1823 3312 1982 3346 terminos
2003 3309 2128 3344 nostrae

1160 3367 1387 3417 quaestionis)
1416 3366 1514 3413 quod
1531 3365 1552 3398 fi
1567 3376 1652 3410 ego,
1670 3363 1731 3410 qui
1750 3361 1819 3395 sum
1836 3371 1913 3394 tuus
1933 3359 2076 3393 debitor
2089 3369 2130 3391 ex

1161 3417 1256 3452 causa
1274 3413 1477 3449 venditionis
1491 3441 1500 3452 ,
1525 3411 1614 3446 facio
1628 3438 1637 3451 ,
1666 3409 1762 3458 quod
1776 3408 1947 3448 banchum
1963 3405 2007 3440 de
2021 3405 2125 3458 Span-

1161 3464 1303 3500 nocchis
1323 3462 1426 3497 faciat
1447 3461 1505 3496 tibi
1528 3459 1642 3494 literas
1662 3457 1802 3497 cambii,
1827 3457 1860 3491 &
1881 3467 1917 3490 tu
1936 3465 1989 3488 me
2011 3453 2130 3487 liberas

1162 3525 1223 3559 per
1250 3511 1424 3557 publicum
1461 3509 1711 3543 instrumentum
1738 3505 1769 3540 in
1797 3516 1899 3540 cauta
1930 3501 2036 3536 forma
2055 3526 2064 3539 ‚
2094 3501 2130 3534 <Sc

1164 3559 1287 3595 deinde
1302 3569 1480 3605 antequam
1500 3557 1652 3590 debitum
1668 3553 1830 3588 dictarum
1852 3552 2023 3600 literarum
2040 3559 2129 3581 cam-

1164 3609 1208 3644 bii
1224 3607 1383 3647 solvatur,
1402 3605 1569 3639 banchum
1582 3603 1626 3637 de
1642 3600 1878 3648 Spannocchis
1893 3600 2043 3649 decoxit,
2059 3606 2128 3640 ego

1165 3667 1347 3692 remaneam
1392 3653 1552 3687 liberatus
1568 3678 1578 3691 ‚
1614 3649 1748 3686 votavit
1786 3646 1969 3695 praesertim
1998 3652 2129 3685 attente

2045 3700 2131 3725 con-
