2400 3939
157 525 222 559 245

248 178 355 228 372
569 153 921 236 Sigismundi
956 155 1202 214 Scacciae

244 241 493 279 consuetudine
521 245 592 279 aliis
616 257 721 279 tamen
751 243 890 279 Confilii
919 241 1121 289 sapientibus
1145 241 1204 275 ali-

245 297 296 321 ter
316 290 556 333 sentientibus,
587 293 670 336 Ajli.
691 294 763 327 Aac.
782 303 859 337 353.
885 291 997 327 dubia.
1022 301 1124 336 quem
1151 300 1204 322 re-

244 336 424 385 tulisupra
443 352 474 374 n.
492 342 547 385 63.
563 342 596 377 ὅ(
610 342 759 389 sequitur
777 343 917 374 Maran.
936 340 978 372 de
994 338 1094 373 affss.
1111 349 1204 380 n.49.

243 388 329 432 veis.
333 387 400 432 sed
406 389 649 435 perpulchrum.
661 390 731 423 eod.
742 389 885 433 fol-386.
903 388 936 422 &
955 385 1011 421 ubi
1027 394 1118 421 extat
1132 384 1205 420 talis

242 432 464 469 consuetudo
490 437 536 469 illi
558 432 800 472 adhaerendum
829 435 895 470 esl'e
919 461 928 476 ,
960 433 1073 469 scribit
1102 434 1200 480 Aug.

241 490 340 526 quem
356 481 503 518 similiter
516 486 697 533 retulisup.
716 485 750 518 d.
763 497 794 518 n.
807 486 862 529 63.

288 528 520 566 Confirmatur
544 534 651 579 primo
669 533 746 567 haec
769 532 908 578 opinio,
935 531 1017 579 quia
1040 531 1061 564 fi
1089 542 1202 577 camp-

240 573 292 610 sor
318 577 445 625 absque
473 579 690 627 delegatione
712 581 886 626 promittat
905 592 962 626 per
979 581 1055 614 haec
1082 579 1202 614 verba:

233 627 463 676 pro-minoribi
476 629 544 662 loco
561 628 667 669 Titii,
694 629 807 663 Titius
829 630 891 663 erit
919 629 1095 669 liberatus,
1121 628 1204 675 quia

239 683 299 718 qui
328 674 425 721 eligit
453 689 553 712 unum
580 677 790 717 debitorem,
817 689 879 722 pro
898 677 984 717 alio,
1011 687 1138 710 novare
1155 676 1201 709 vi-

238 719 357 762 detur,
392 724 496 760 Alex.
517 727 550 758 in
574 725 598 758 l.
630 726 684 771 58.
711 728 765 772 qui
789 725 1033 773 usumfrutffnm.
1056 736 1141 758 num.
1165 725 1199 760 6.

237 771 324 815 versi
342 771 431 805 idem
454 776 556 807 etiam
570 773 651 822 effer.
671 774 714 819 ff.
736 774 778 807 de
798 773 890 807 verb.
909 773 1005 821 ohlig.
1026 773 1059 806 ὃ(
1081 784 1119 806 ex
1136 784 1200 811 eo,

238 817 272 851 ὅς
295 817 367 852 aliis
395 818 565 866 sequitur,
603 824 713 869 Paris.
742 824 824 867 cons.
846 833 923 868 ¹07·
942 823 1120 868 quaeritur,
1135 819 1201 869 sub

237 878 323 900 mim·
347 867 400 901 18·
418 868 453 906 (ἓν
476 881 526 913 ¹9-
553 870 613 904 lib.
635 883 666 915 3.
690 872 723 905 &
750 880 841 904 tenet
872 872 1013 904 Mantic.
1036 869 1133 903 ιναξὶ.
1159 869 1202 902 de

237 915 366 957 conjetr.
381 916 444 950 ult.
460 919 587 953 volunt.
607 919 631 952 l.
655 933 665 953 i
679 932 706 953 ι.
725 922 777 953 rit.
801 931 853 965 ¹7·
878 921 910 952 in
925 917 993 962 fine
1007 943 1016 957 ,
1033 917 1098 965 sub
1112 929 1198 954 num.

241 973 295 1008 35.
313 965 475 1012 veissfi’d
490 966 559 1003 hoc.
577 966 666 1002 idem
681 993 690 1008 ,
720 968 741 1001 ii
764 978 831 1012 ego
853 966 971 1000 dixero
996 964 1199 1006 mercatori,

239 1010 337 1058 quod
361 1010 470 1049 solvat
493 1013 590 1051 Titio
618 1026 778 1054 centum,
806 1027 886 1061 quae
911 1014 1003 1049 dieto
1030 1013 1127 1048 Titio
1143 1013 1203 1048 de-

237 1058 305 1094 beo
321 1085 331 1100 ,
363 1061 397 1095 &
414 1073 581 1101 mercator
604 1064 754 1109 promitit
779 1063 878 1097 Titio
894 1088 903 1102 ,
935 1063 1015 1109 quia
1035 1073 1103 1108 ego
1120 1073 1203 1096 tunc

239 1106 314 1144 sum.
339 1107 521 1152 liberatus,
554 1122 593 1146 ut
615 1112 713 1146 retuli
736 1114 836 1156 fitpra
857 1123 943 1144 num.
966 1111 1021 1156 63.
1042 1110 1138 1156 quod
1157 1109 1204 1144 est

240 1154 327 1189 utile
344 1156 447 1200 scire,
475 1159 554 1206 quia
580 1154 739 1208 quotidie
762 1159 806 1193 de
827 1158 914 1193 facto
938 1159 1110 1203 contingit
1128 1185 1137 1196 ,
1163 1168 1203 1192 ut

240 1203 352 1239 scribit
374 1208 472 1241 Paul.
491 1209 532 1241 de
546 1211 647 1251 Casir.
664 1213 698 1242 in
712 1209 747 1242 d.
762 1210 784 1244 l.
803 1209 857 1254 58.
887 1210 940 1254 qui
957 1208 1201 1254 risi-tmfruflum.

239 1264 326 1286 num.
347 1266 377 1298 3.
404 1267 455 1302 qu.
477 1257 539 1293 ult.
564 1258 597 1291 &
621 1256 719 1304 quod
743 1257 800 1291 iiia
825 1255 862 1290 sit
891 1255 1108 1290 consuetudo
1133 1268 1202 1290 non

240 1298 348 1334 solum
374 1302 405 1336 in
432 1303 572 1340 civitate
599 1307 759 1345 Genauoe,
785 1303 841 1338 sed
863 1303 895 1337 in
922 1314 994 1338 tota
1019 1304 1140 1345 ltalia,
1164 1313 1204 1337 ut

240 1348 409 1394 promissio
435 1351 520 1387 faeta
542 1365 600 1399 per
631 1353 831 1399 campsorem
853 1378 862 1392 ,
905 1350 960 1385 seu
987 1353 1204 1387 banclieritirn

241 1408 303 1441 pro
330 1399 441 1434 alieno
469 1402 588 1436 debito
607 1428 616 1442 ,
655 1403 775 1437 lrabeat
803 1402 868 1434 vim
892 1398 1097 1443 solutionis3
1136 1413 1204 1435 ma-

241 1445 330 1497 itime
357 1448 496 1495 quaudo
523 1450 554 1484 in
580 1450 672 1484 libris
700 1450 809 1489 illius,
844 1449 905 1495 qui
931 1459 1000 1483 erat
1025 1451 1175 1485 creditor
1194 1476 1204 1490 ,

243 1495 327 1529 taeta
361 1497 406 1530 est
439 1499 565 1533 mentio
597 1498 640 1532 de
674 1499 728 1532 tali
758 1496 971 1543 proruillioue
1002 1499 1170 1532 bawttixerii
1196 1524 1205 1538 ,

242 1542 421 1579 scribendo
453 1546 544 1580 illurn
567 1546 604 1580 'in
637 1546 825 1581 deb-torem
850 1545 880 1578 in
909 1546 992 1578 locis
1018 1546 1205 1587 demotis,

241 1591 276 1624 ὃς
301 1592 398 1627 talem
429 1594 674 1639 promistioueiu
702 1594 879 1629 scribendo
913 1593 994 1627 loco
1029 1594 1208 1630 solutionis

242 1651 391 1686 receptae
421 1642 439 1676 a
475 1644 648 1679 creditore
669 1670 678 1683 ,
717 1645 748 1677 δε
775 1642 872 1676 fat‘las
903 1641 920 1674 {i
947 1641 1103 1677 debitore
1129 1644 1207 1679 scri-

242 1688 293 1722 bit
326 1693 394 1724 Ror.
415 1692 493 1727 Gen.
517 1693 590 1726 dec.
613 1705 644 1733 4.
673 1692 751 1724 ditm
771 1691 951 1733 judicavit.
968 1692 1033 1738 suli
1059 1700 1143 1726 mim.
1173 1706 1205 1737 9.

243 1739 278 1776 &³
301 1752 352 1775 ιο.
379 1740 411 1773 ‹Sc
427 1739 506 1774 ideo
522 1740 707 1775 secundum
726 1739 807 1774 Bal..
820 1750 922 1786 quem
938 1738 1091 1787 sequitur
1108 1743 1208 1775 Man-

239 1791 296 1821 ric.
312 1789 347 1823 d.
365 1792 416 1822 rit.
436 1801 488 1834 17.
512 1791 544 1822 in
559 1788 613 1828 sin.
641 1787 808 1824 videndus
835 1787 880 1821 est
903 1787 986 1821 liber
1017 1789 1208 1829 rationum,

239 1837 423 1884 quomodo
452 1837 642 1884 loquatur-3
674 1836 824 1883 haecque
858 1836 994 1876 omnia,
1026 1850 1108 1874 qua·
1139 1837 1208 1872 dixi

238 1885 272 1918 in
301 1884 358 1918 issa
390 1885 648 1920 confirmatione
670 1912 680 1926 ,
711 1896 803 1919 tenet
829 1884 988 1929 explicite
1019 1886 1133 1921 Franc.
1166 1886 1208 1919 de

239 1935 339 1967 Aret.
356 1935 439 1980 cons.
460 1945 489 1977 5.
515 1937 547 1967 in
565 1936 665 1979 causa
691 1934 724 1970 &³
744 1933 859 1979 punc‘r‘o
882 1933 930 1968 ad
947 1946 997 1967 me
1016 1935 1205 1981 transmrffli.

240 1983 274 2016 δε
296 1993 335 2015 ex
359 1993 401 2016 eo
424 1981 522 2016 refert
546 1981 628 2024 Affl.
656 1983 691 2016 d.
711 1981 782 2015 dcc.
813 1993 892 2026 353.
915 1994 1001 2016 num.
1021 1995 1051 2026 3.
1078 1986 1109 2016 in
1135 1983 1207 2022 fine.

241 2030 322 2064 dum
347 2029 483 2070 scribit,
511 2029 579 2066 dici
606 2030 856 2076 delegationem
872 2056 881 2069 ,
904 2031 1002 2064 etiam
1020 2030 1042 2064 fi
1071 2031 1209 2077 delege-

241 2089 296 2114 tur
324 2078 375 2119 is,
410 2079 469 2124 qui
491 2091 558 2113 non
573 2079 618 2113 est
645 2078 781 2113 debitor
806 2077 992 2123 delegantis
1008 2105 1018 2119 ,
1051 2079 1209 2113 dummo-

241 2126 289 2161 do
319 2127 345 2160 is
371 2128 571 2173 promittat,
603 2128 636 2162 ὃς
658 2127 810 2162 creditor
842 2137 1025 2173 acceptet;
1057 2128 1090 2161 &
1120 2129 1207 2163 bene

242 2175 371 2210 sirach.
392 2176 433 2208 de
447 2175 567 2219 decofiss.
585 2187 663 2222 par.
680 2187 709 2221 5.
726 2187 813 2210 num.
831 2186 861 2219 5.
887 2175 1036 2217 versicul.
1056 2179 1207 2212 incurrit.

240 2233 318 2257 tom.
337 2226 368 2257 6.
383 2234 458 2270 par.
478 2225 578 2269 1.fol.
594 2237 671 2268 3²0·
698 2223 880 2257 admonens
909 2223 1004 2259 duo:
1036 2223 1178 2269 primum
1198 2252 1209 2267 ‚

242 2271 341 2317 quod
368 2271 453 2306 inter
481 2284 685 2307 mercatores
712 2272 845 2318 pastum
875 2271 1018 2307 habetur
1046 2272 1126 2307 loco
1153 2272 1210 2306 ssi-

241 2319 448 2367 pulationis:
479 2319 685 2360 secundum,
716 2319 812 2368 quod
834 2320 852 2353 a
876 2319 1124 2355 consuetudine
1156 2332 1207 2355 re-

242 2380 380 2414 ceptum
406 2368 452 2402 est
470 2395 479 2410 ‚
513 2379 551 2403 ut
584 2368 762 2417 postquam
791 2368 965 2413 campsor,
999 2370 1056 2403 seu
1084 2380 1209 2405 merca-

242 2428 298 2454 tor
324 2416 473 2462 promisit
506 2418 694 2459 creditori,
734 2419 766 2451 <Sc
800 2417 951 2452 creditor
979 2417 1208 2464 approbavit,

243 2464 381 2502 debitor
411 2465 565 2500 censetur
601 2464 672 2511 ipso
702 2469 778 2512 jure
809 2465 993 2500 liberatus:
1031 2464 1088 2500 sed
1119 2476 1211 2500 extra

244 2522 468 2556 mercatores,
487 2517 521 2550 <Sc
534 2514 670 2561 dempta
693 2513 960 2555 consuetudine,
980 2513 1048 2559 ipse
1060 2525 1099 2547 ex
1119 2526 1212 2548 com-

243 2561 392 2597 muniori
423 2561 583 2597 sententia
614 2561 892 2597 arbitraturesse
919 2561 1128 2596 necell'ariam
1156 2562 1211 2596 sli-

245 2607 453 2656 pulationem
470 2637 479 2650 ,
515 2611 547 2645 &
574 2611 672 2658 quod
697 2608 874 2655 canipsor,
916 2610 1117 2656 promittens
1146 2610 1212 2645 sol-

247 2669 352 2697 vere,
376 2657 415 2692 fit
440 2658 576 2694 debitor
592 2686 600 2699 ,
629 2658 688 2707 qui
709 2658 843 2693 mandat
859 2684 868 2698 ,
898 2669 936 2693 ut
962 2658 1084 2694 solvat:
1108 2660 1142 2694 δε
1167 2659 1212 2700 lic

247 2719 288 2741 ex
313 2704 364 2738 his
386 2707 539 2742 omnibus
565 2719 729 2754 apparet,
761 2707 857 2753 quod
887 2707 1022 2741 debitor
1050 2708 1212 2742 liberatur

249 2766 292 2789 eo
313 2753 384 2799 ipso
402 2780 412 2794 ‚
444 2755 540 2801 quod
570 2756 721 2790 creditor
747 2766 905 2801 acceptat
938 2756 1066 2790 litteras
1093 2755 1212 2790 cambii

247 2803 396 2849 alicujus
418 2804 639 2844 mercatoris,
668 2804 767 2837 etiarn
798 2803 818 2836 sl
843 2816 910 2838 non
936 2804 974 2840 fit
991 2803 1129 2839 debitor
1152 2804 1213 2838 de-

250 2851 397 2892 bitoriS,
428 2851 508 2898 quia
541 2850 754 2898 acceptando
773 2878 782 2891 ,
817 2851 956 2886 videtur
982 2852 1038 2885 sibi
1067 2851 1214 2886 satisfac-

251 2912 320 2935 tum
350 2901 384 2935 &z
407 2912 446 2934 ex
474 2899 696 2934 satisfactione
721 2898 870 2946 sequitur
894 2900 1048 2934 liberatio
1080 2899 1214 2935 debito-

250 2949 319 2989 ris,
348 2949 382 2982 &
403 2948 494 2995 quali
523 2960 580 2994 per
606 2948 826 2982 novationem
861 2948 1074 2983 contrahitur
1105 2947 1215 2984 credi-

250 3007 322 3032 tum
345 3008 424 3031 cum
454 3007 545 3031 nova
571 2995 721 3043 persona.

299 3044 469 3088 Quamvis
504 3055 623 3079 contra
654 3045 741 3078 banc
775 3043 1067 3080 confirmationem
1098 3054 1216 3078 tenue-

252 3092 317 3127 rint
348 3095 435 3141 Ang.
455 3094 550 3127 Bari.
577 3093 610 3126 ὃς
631 3092 782 3128 nonnulli
804 3092 857 3125 alii
876 3118 885 3132 ‚
916 3103 956 3126 ut
984 3092 1081 3128 retuli
1097 3092 1158 3137 jul.
1183 3105 1215 3127 n.

256 3154 336 3183 294.
362 3151 517 3186 quamvis
540 3141 625 3174 enim
652 3141 755 3175 Alex.
774 3142 844 3186 sup.
870 3143 991 3175 citams
1013 3144 1046 3174 in
1064 3141 1100 3174 d.
1120 3141 1143 3173 l.
1163 3144 1217 3186 qui

253 3189 484 3235 nfirmfruflum
505 3201 590 3221 num.
607 3201 639 3233 7.
658 3191 691 3222 in
707 3188 795 3230 fine,
814 3189 869 3222 ubi
890 3200 998 3222 aurem
1022 3188 1215 3235 mandaſjes.

256 3236 355 3270 faciat
371 3235 402 3269 in
423 3235 545 3270 effestu
561 3235 780 3271 differentiam
795 3262 804 3275 ,
830 3248 870 3270 an
883 3248 949 3281 ego
976 3236 1111 3271 debitor
1130 3248 1217 3270 man-

251 3284 329 3318 dem
354 3284 535 3330 campsori,
564 3283 619 3319 seu
643 3295 719 3318 meo
738 3285 908 3324 debitori,
937 3294 974 3317 ut
998 3285 1059 3319 tibi
1077 3285 1217 3330 promit-

254 3340 326 3369 tat,
352 3333 385 3365 <Sc
411 3342 448 3366 tu
473 3342 629 3377 acceptas
646 3331 734 3366 illius
757 3331 1024 3378 promiffionem3
1058 3331 1217 3380 qniaisso

254 3379 332 3412 casu
350 3391 419 3424 ego
444 3379 511 3413 sum
530 3380 716 3423 liberatus;
739 3391 780 3413 an
802 3392 884 3414 vero
907 3380 1079 3419 mandem,
1098 3391 1139 3413 ut
1153 3379 1218 3414 sol-

257 3437 313 3461 vat
332 3452 342 3467 ,
370 3424 403 3463 ὃς
425 3426 480 3460 ille
504 3439 573 3461 non
595 3427 724 3469 solvat,
751 3427 807 3463 sed
837 3428 1031 3474 promittat,
1060 3429 1094 3462 δε
1113 3437 1151 3461 tu
1164 3439 1219 3462 ac-

256 3484 393 3520 cepta8‚
421 3475 500 3521 quia
519 3475 582 3510 isto
610 3475 687 3510 casu
703 3488 773 3511 non
795 3475 865 3510 sum
891 3476 1075 3519 liberatus3
1103 3486 1221 3523 quam-

258 3522 308 3555 vis
336 3521 436 3556 etiarn
463 3524 559 3556 Hier.
579 3523 681 3561 Gabr.
697 3525 779 3570 cons.
796 3524 1047 3568 155.J.zcobus‚
1073 3536 1105 3558 n.
1123 3535 1176 3557 20.
1196 3524 1219 3557 I.

263 3583 292 3603 i.
317 3569 419 3603 saciat
451 3569 670 3604 differentiam
688 3598 697 3610 ,
732 3583 772 3604 an
798 3571 971 3617 promittat
1004 3571 1133 3606 solvere
1158 3583 1221 3618 pro

257 3618 413 3652 debitore
441 3628 478 3651 ut
510 3618 573 3651 illo
601 3618 678 3652 casu
706 3619 844 3653 debitor
875 3631 942 3654 non
974 3619 1011 3654 sit
1041 3619 1223 3660 liberatus,

258 3666 339 3712 quia
362 3677 430 3700 non
452 3664 500 3700 est
516 3665 599 3700 fasta
617 3677 780 3709 novatio;
807 3678 848 3700 an
867 3678 948 3702 vero
971 3666 1146 3715 promittat
1159 3679 1223 3714 pro

1247 154 1446 214 Traei.
1484 152 1559 212 de
1589 155 1881 213 Coinmer.

1264 242 1450 283 debitore,
1478 241 1655 287 suscipiens
1683 242 1716 276 in
1745 243 1782 276 se·
1801 255 1889 278 onus
1916 242 2032 286 illius,
2063 244 2118 278 seu
2146 258 2226 293 prc-

1264 291 1376 325 mittat
1404 291 1483 325 loco
1505 290 1691 331 debitoris,
1722 291 1775 326 vel
1791 303 1848 338 per
1867 290 1980 325 similia
2001 292 2117 333 verba,
2144 305 2226 342 qua:

1265 337 1443 374 ostendant
1475 340 1687 374 voluntatem
1714 339 1888 379 novandi,
1921 341 1954 374 ὃς
1971 340 2128 388 quamvis
2143 343 2227 377 alios

1267 385 1379 428 casus,
1406 387 1466 434 qui
1487 384 1724 427 confundunt,
1759 397 1865 434 ponat
1884 400 1916 422 n.
1931 398 1987 433 25.
2007 390 2146 438 &seqq.

1315 434 1546 470 Confirmatur
1568 434 1718 469 secundo
1733 462 1742 476 ,
1777 437 1837 484 qui
1865 435 1898 469 in
1921 436 2067 471 cambiis·
2083 449 2228 482 primum

1265 482 1481 528 extinguitur
1507 493 1567 529 per
1586 482 1770 518 secundum
1798 496 1857 531 per
1886 485 2044 525 tertium,
2075 485 2145 522 live
2170 486 2230 524 fiat

1265 530 1350 565 inter
1376 530 1520 565 diversas
1543 530 1722 577 personas,
1748 532 1816 566 five
1835 533 1920 566 inter
1943 533 2089 574 easdem,
2123 546 2162 570 nt
2179 538 2229 572 se.

1264 589 1368 614 cutus
1388 578 1458 613 sum
1478 581 1510 625 ξ.
1534 580 1674 626 praeced.
1690 592 1719 626 q.
1740 591 1772 628 5.
1789 594 1818 615 n.
1836 593 1892 625 93.
1911 584 1998 628 verfi
2022 592 2079 615 aut
2098 585 2228 620 Petrus.

1265 639 1349 673 ergo
1369 627 1415 662 fic
1427 627 1527 662 etiam
1551 627 1733 662 dicendum
1754 629 1802 663 est
1825 630 1858 663 in
1878 630 1975 670 casu,
2005 641 2079 677 quo
2097 641 2138 665 ex
2157 643 2230 667 uno

1265 675 1387 712 debito
1410 675 1468 710 fiat
1497 675 1666 710 cambium
1687 687 1766 710 cum
1790 689 1879 712 nova
1907 677 2048 725 persona
2063 703 2074 719 ,
2109 690 2147 716 ut
2168 692 2230 728 per

1266 724 1431 760 cambium
1447 722 1665 768 extinguatur
1682 724 1776 770 prius
1795 724 1960 760 debitum.

1316 771 1547 808 Confirmatur
1571 772 1695 814 tertio,
1727 773 1807 821 quia
1833 774 1866 808 in
1889 773 1967 809 casu
1990 776 2108 811 nostro
2134 775 2231 813 debi-

1265 831 1321 856 tor
1345 832 1440 855 meus
1464 821 1509 856 de
1530 820 1689 855 mandato
1718 833 1796 856 meo
1827 822 1975 869 promisit
2007 824 2137 860 solvere
2169 826 2231 861 tibi

1265 869 1430 905 creditori
1456 878 1532 903 meo
1547 894 1557 909 ,
1586 869 1620 903 &
1645 868 1689 903 fic
1712 869 1824 904 sumus
1842 870 1875 904 in
1898 871 2137 917 delegatione,
2161 884 2231 922 qua

1266 919 1402 954 debitor
1427 915 1562 963 penitus
1590 917 1751 953 liberatur
1771 945 1781 960 ‚
1821 930 1859 954 nt
1889 918 2000 966 scripsi
2024 922 2114 969 infra
2138 924 2175 956 in·
2195 935 2227 957 2.

1265 971 1343 1017 casu
1357 980 1387 1002 n.
1401 967 1481 1001 280.

1323 1014 1478 1051 Secunda
1503 1013 1624 1060 opinio
1652 1013 1817 1051 contraria
1841 1015 2077 1061 praecedenti,
2109 1029 2230 1065 nempe

1265 1065 1363 1110 quod
1390 1075 1458 1110 ego
1478 1075 1548 1098 non
1567 1063 1622 1097 fim
1637 1062 1814 1104 liberaum,
1835 1064 1964 1111 duplici
1984 1065 2144 1101 suadetur
2153 1065 2229 1101 fun-

1266 1113 1437 1148 damento.
2044 1120 2047 1123 “
2104 1143 2111 1146 .

1314 1162 1447 1203 Primo,
1478 1160 1558 1208 quia
1574 1160 1597 1194 fi
1620 1171 1688 1206 ego
1703 1159 1750 1196 do
1766 1160 1826 1194 tibi
1846 1161 1962 1196 scutos
1984 1172 2120 1200 centum
2140 1173 2232 1198 cam-

1266 1211 1325 1245 bio
1352 1211 1386 1245 &
1416 1219 1456 1244 tu
1476 1209 1580 1244 facias
1600 1207 1712 1242 literas
1735 1210 1854 1243 cambii
1870 1235 1879 1250 ,
1915 1209 2093 1246 solvendas
2113 1212 2192 1245 mibi
2211 1217 2229 1246 a

1267 1259 1371 1294 Petro
1387 1285 1396 1299 ,
1422 1258 1456 1292 ὅ(
1476 1257 1597 1292 Petrus
1618 1256 1749 1291 interim
1775 1256 1877 1299 fallit,
1913 1259 1947 1293 <Sc
1969 1270 2152 1306 propterea
2175 1272 2230 1294 va-

1265 1319 1307 1341 na
1330 1306 1529 1341 redderetur
1553 1305 1722 1339 literarum
1747 1307 1940 1352 acceptatio
1957 1333 1966 1347 ,
1997 1319 2100 1354 quam
2127 1307 2153 1341 is
2182 1307 2228 1342 fa-

1267 1365 1379 1393 ceret,
1412 1366 1481 1401 ego
1505 1365 1628 1400 potero
1654 1364 1688 1387 te
1709 1366 1836 1398 cogere
1856 1355 1898 1389 ad
1927 1355 2126 1390 solvendum
2152 1355 2233 1390 mihi

1268 1404 1376 1438 dietos
1402 1402 1518 1438 scutos
1540 1412 1698 1442 centum,
1716 1402 1906 1437 dummodo
1930 1403 2036 1438 statim.
2056 1403 2115 1437 tibi
2132 1402 2233 1451 scrip-

1268 1450 1360 1486 serim
1385 1462 1462 1485 cum
1491 1450 1754 1497 protestatione,
1786 1451 1882 1497 quod
1910 1464 1977 1485 non
2003 1452 2102 1498 potui
2121 1452 2230 1487 illosa

1268 1501 1375 1535 Petro
1407 1499 1560 1545 exigere,
1593 1499 1625 1532 ὃς
1654 1509 1762 1533 tamen
1791 1500 1846 1532 liic
1877 1500 1921 1532 cst
1948 1499 2061 1539 casus,
2095 1500 2128 1534 in
2157 1513 2233 1548 quo

1269 1561 1336 1596 ego
1360 1547 1538 1593 acceptavi
1560 1557 1635 1581 tuas
1663 1546 1791 1583 literas.
1818 1548 1851 1580 ὃ(
1867 1548 1992 1582 dietum
2016 1548 2152 1583 Petrum
2169 1561 2233 1597 pro

1269 1610 1345 1632 meo
1376 1596 1551 1636 debitore,
1584 1597 1637 1631 Jo.
1655 1597 1738 1641 Bap.
1758 1597 1841 1643 Lup.
1860 1599 1933 1629 inc.
1949 1600 2135 1646 naviganti.
2152 1599 2183 1644 ς.
2199 1611 2231 1631 2.

1258 1647 1324 1694 sub
1344 1658 1429 1679 num.
1447 1656 1502 1677 20.
1530 1644 1572 1678 de
1595 1644 1682 1688 ufirr.
1705 1646 1789 1677 inter
1803 1645 1899 1678 irati.
1916 1644 2042 1692 divers.
2064 1655 2106 1680 to.
2123 1647 2233 1693 7.fol.

1274 1695 1348 1739 138.
1366 1692 1452 1727 ratio
1470 1692 1536 1734 est,
1561 1703 1641 1739 quia
1662 1692 1694 1725 in
1725 1690 1847 1725 efferto
1871 1693 1957 1726 inter
1980 1705 2054 1733 me,
2085 1694 2120 1728 &
2136 1705 2169 1727 te
2185 1693 2235 1728 est

1270 1744 1379 1777 astum
1397 1767 1406 1782 ‚
1433 1740 1531 1787 quod
1559 1752 1597 1775 tu
1626 1740 1769 1773 tenearis
1787 1740 1866 1774 milii
1885 1740 1996 1774 facere
2015 1742 2127 1779 literas
2142 1753 2236 1776 man-

1270 1790 1340 1826 dari
1358 1817 1367 1830 ,
1393 1784 1476 1836 qiiae
1497 1801 1575 1824 cum
1599 1786 1720 1823 effec‘tu
1736 1800 1976 1833 acceptentur,
1997 1789 2031 1824 &
2054 1801 2166 1824 earum
2184 1789 2235 1824 vi-

1269 1850 1355 1885 gore
1384 1837 1531 1872 solvatur
1556 1836 1657 1877 milii,
1689 1837 1743 1870 vel
1763 1837 1857 1870 alteri
1878 1836 2027 1871 inliteris
2046 1838 2235 1880 nominato,

1271 1884 1373 1922 Bald.
1393 1887 1474 1932 consi
1496 1885 1690 1934 349.faflae
1702 1887 1842 1932 fuerunt
1859 1886 1925 1932 sub
1947 1898 2034 1919 mim.
2058 1898 2088 1920 2.
2118 1886 2179 1926 ibi,
2200 1898 2238 1920 or

1270 1936 1373 1971 modo.
1399 1934 1477 1968 libr.
1499 1948 1527 1969 1.
1551 1937 1584 1969 δε
1609 1933 1669 1967 isle
1693 1933 1739 1966 est
1770 1932 1864 1967 casus
1887 1934 1953 1967 sine
1980 1934 2209 1968 comroverfia
2224 1960 2234 1975 ,

1271 1982 1456 2030 prasertim
1482 1983 1514 2016 in
1535 1982 1682 2017 civitate
1707 1983 1844 2016 Genuae
1858 2008 1867 2022 ,
1895 1993 1955 2028 per
1976 1993 2013 2016 ea
2037 1993 2120 2030 quae
2141 1982 2235 2017 secu-

1272 2043 1327 2065 tus
1352 2032 1433 2065 sum.
1461 2033 1552 2079 infra
1570 2031 1633 2077 sub
1654 2042 1738 2064 num.
1761 2041 1840 2074 322.
1876 2042 1960 2076 ergo
1986 2030 2075 2064 idern
2100 2029 2236 2065 videre-

1271 2091 1326 2115 tur
1351 2079 1533 2113 dicendum
1558 2079 1590 2112 in
1613 2077 1689 2112 casu
1715 2077 1831 2112 nostro
1858 2104 1868 2119 ,
1913 2078 2054 2125 quando
2083 2078 2236 2114 creditor

1271 2138 1427 2174 acceptat
1450 2127 1469 2161 ὲ
1497 2127 1653 2162 debitore
1681 2125 1729 2159 sui
1759 2125 1922 2161 debitoris
1949 2126 2060 2161 literas
2086 2127 2235 2179 cambii,

1271 2176 1448 2210 solvendas
1475 2177 1517 2210 ab
1544 2175 1612 2209 alio
1633 2185 1843 2216 mercatore,
1882 2174 1942 2221 qui
1965 2174 2081 2209 secuta
2102 2172 2235 2210 interim

1270 2224 1443 2259 scribentis
1464 2225 1574 2259 literas
1589 2222 1812 2263 decoffione,
1826 2222 1947 2257 literas
1972 2235 2039 2257 non
2065 2233 2232 2269 acceptat.

1321 2271 1484 2307 Secundo
1517 2275 1534 2320 (
1553 2273 1586 2307 &
1601 2271 1724 2308 fortius

1272 2320 1423 2362 cambio,
1447 2324 1480 2357 ὃς
1506 2320 1608 2354 faciat
1633 2320 1742 2354 literas
1764 2318 1904 2354 direttas
1926 2319 2026 2354 alicui
2056 2330 2236 2355 mercatori

1271 2370 1304 2404 in
1328 2368 1429 2411 foro,
1459 2379 1501 2404 ut
1516 2380 1570 2403 eas
1592 2368 1699 2404 solvat
1726 2367 1915 2409 creditori,
1943 2369 1977 2404 ὅ(
2001 2367 2058 2402 ille
2071 2378 2238 2404 mercator

1273 2428 1430 2464 acreptet
1450 2418 1581 2459 literas,
1607 2416 1662 2451 sed
1686 2427 1740 2450 eas
1761 2428 1830 2450 non
1851 2414 1973 2457 solvat,
2004 2414 2156 2452 creditor
2178 2416 2238 2450 lia-

1272 2467 1329 2501 bet
1351 2465 1532 2512 regressum
1553 2475 1672 2500 contra
1690 2463 1786 2498 suum
1820 2462 2037 2508 debitorem·,
2060 2464 2116 2498 cui
2139 2463 2239 2500 dedit
2277 2475 2284 2479 ·

1274 2514 1406 2549 cambio
1422 2542 1432 2556 ,
1457 2516 1490 2550 δε
1515 2514 1560 2548 fic
1575 2526 1643 2549 non
1666 2512 1712 2546 est
1728 2512 1908 2555 liberatus,
1934 2523 1993 2560 per
2016 2523 2070 2555 ea,
2095 2523 2178 2560 quae
2190 2511 2238 2547 se-

1275 2574 1379 2597 cutus
1397 2561 1465 2597 suni
1495 2561 1656 2608 infrafirb
1671 2573 1702 2595 n.
1716 2573 1795 2606 322.

1325 2613 1409 2647 Non
1437 2611 1564 2646 recedo
1582 2610 1602 2646 ὲ
1619 2609 1722 2657 prima
1745 2608 1908 2654 opinione
1922 2635 1932 2649 ,
1961 2619 2044 2655 quae
2059 2607 2107 2642 est
2131 2612 2237 2659 verat³
2253 2616 2345 2667 ²⁴8,

1274 2660 1487 2700 communis,
1516 2661 1550 2694 δε
1571 2657 1721 2693 servatur
1739 2656 1772 2690 in
1794 2657 1912 2702 praxi3
1942 2657 1976 2691 &
1999 2655 2156 2692 addut‘lis
2166 2663 2236 2705 pro'

1273 2710 1338 2742 liae
1366 2707 1513 2742 secunda
1534 2707 1697 2753 opinione
1723 2704 1864 2739 satisfeci
1890 2707 1981 2752 infra
1997 2717 2027 2739 n.
2046 2717 2125 2752 315.

1322 2756 1480 2798 Verum,
1512 2756 1593 2803 quia
1627 2753 1818 2794 dostrinae,
1858 2752 2016 2790 adductae
2044 2765 2108 2800 pro
2131 2753 2236 2808 prima
2251 2779 2299 2811 ²4

1274 2804 1462 2850 opinione,
1501 2814 1602 2851 quam
1637 2801 1807 2849 sequimur
1829 2827 1839 2841 ,
1876 2800 2031 2848 indigent
2056 2802 2237 2849 multiplici

1275 2852 1488 2888 distinffione
1513 2878 1523 2893 ,
1562 2854 1596 2886 &
1626 2849 1763 2884 materia
1793 2849 1839 2882 est
1869 2849 2028 2897 frequens
2048 2875 2058 2891 ,
2095 2850 2129 2884 δε
2157 2850 2238 2886 ideo

1275 2901 1368 2936 utilis
1393 2912 1408 2941 ζ
1443 2898 1543 2935 statui
1575 2898 1706 2944 sumpta
1736 2897 1800 2931 hac
1822 2898 2010 2937 9ccalione
2033 2923 2044 2939 ,
2077 2908 2149 2932 eam
2179 2910 2240 2946 per

1276 2950 1434 2996 quinque
1462 2947 1557 2983 casus
1591 2946 1756 2993 explicare
1783 2971 1793 2986 ,
1835 2957 1984 2992 quorum
2011 2945 2138 2992 primus
2175 2947 2240 2982 erit

1277 3000 1438 3045 sequenS‚
1469 2998 1503 3031 ὅ(
1531 2996 1574 3030 de
1599 2994 1749 3029 secundo
1773 3004 1913 3039 agemus
1937 2995 2028 3041 infra
2050 3006 2138 3029 num.
2157 2995 2240 3030 280.

1277 3047 1321 3081 de
1349 3044 1450 3079 tertio
1480 3057 1566 3079 num.
1588 3041 1666 3090 293.
1693 3043 1738 3077 de
1766 3052 1892 3088 quarto
1921 3054 2008 3078 num.
2031 3054 2112 3088 300.
2144 3043 2177 3078 ὃς
2196 3044 2242 3078 de

1277 3093 1401 3143 quinto
1432 3104 1470 3126 η.
1489 3105 1566 3138 303.

1326 3142 1455 3176 Primus
1476 3136 1570 3176 'casus
1591 3140 1637 3174 est
1656 3165 1666 3179 ‚
1701 3138 1843 3185 quando
1860 3149 1936 3185 ‘ego
1969 3138 2106 3174 debitor
2135 3149 2240 3180 tuus,

1278 3192 1312 3225 δε
1339 3189 1488 3224 creditor
1511 3189 1611 3223 Ceuli
1630 3186 1718 3221 cedo
1744 3185 1805 3219 tibi
1826 3185 1896 3220 hoc
1919 3199 2042 3222 nornen
2059 3187 2161 3222 Ceuli
2176 3186 2241 3222 mei

1277 3237 1443 3273 debitoris
1468 3236 1632 3276 absentis,
1665 3233 1854 3268 mandando
1881 3234 1910 3268 ei
1930 3235 1963 3269 in
1990 3235 2054 3270 hac
2075 3235 2238 3277 cessione,

1278 3285 1377 3333 quod
1404 3284 1509 3321 solvat
1536 3285 1621 3320 tibi:
1655 3285 1688 3318 &
1713 3281 1774 3316 iste
1797 3282 1843 3315 est
1869 3282 1964 3317 casus
1985 3282 2140 3330 simplicis
2170 3283 2239 3318 ces-

1276 3334 1377 3376 sionis
1399 3359 1409 3373 ,
1439 3334 1520 3380 quia
1549 3332 1712 3382 debitor,
1748 3330 1848 3374 cujus
1877 3343 1999 3365 nomen
2021 3331 2083 3367 tibi
2113 3332 2203 3366 cedo
2229 3359 2240 3372 ,

1279 3383 1325 3416 est
1351 3380 1489 3422 absens,
1513 3382 1547 3416 δε
1571 3380 1744 3420 ἰόεο”ηοῃ
1771 3378 1882 3424 potest
1905 3379 1995 3420 dici,
2030 3379 2129 3427 quod
2154 3392 2240 3414 cori-

1280 3430 1418 3470 sentiat,
1444 3432 1496 3466 Jo.
1521 3429 1615 3463 And.
1628 3430 1662 3461 in
1675 3425 1788 3460 addit.
1803 3427 1851 3459 ad
1870 3428 1958 3474 Spec.
1975 3431 2029 3462 rit.
2056 3428 2099 3462 de
2121 3426 2240 3474 cqfflon.

1279 3481 1394 3520 asts.
1417 3480 1489 3511 1.ιή
1506 3476 1568 3521 fin.
1582 3480 1614 3510 in
1626 3474 1737 3515 verbo,
1754 3475 1877 3520 destant.
1891 3477 1991 3510 litera
2003 3478 2043 3512 Β,
2056 3476 2242 3523 1.2.fol.i5.

1280 3526 1313 3559 &
1333 3525 1454 3560 clarius
1471 3527 1608 3559 Alontic.
1626 3523 1759 3557 tractat.
1776 3525 1818 3556 de
1831 3525 1951 3556 invent.
1973 3536 2085 3570 cap.9.
2098 3536 2187 3570 n-79.
2206 3524 2253 3562 ἐπ’,

1282 3575 1337 3608 80.
1354 3573 1465 3607 tom.8.
1479 3584 1556 3619 par.
1573 3571 1680 3618 2.fol.
1692 3582 1772 3603 220.
1794 3571 1828 3604 δι
1844 3571 1941 3616 quod
1958 3571 2058 3606 ceffio
2078 3571 2245 3606 debitoris

1281 3619 1425 3656 absentis
1439 3647 1449 3661 ,
1476 3621 1578 3665 cujus
1591 3628 1771 3665 propterea
1793 3617 1964 3664 promiffio
1981 3631 2048 3653 non
2064 3619 2244 3656 intervenit

1282 3670 1314 3703 in
1337 3669 1501 3708 cessione,
1530 3679 1597 3702 nori
1617 3667 1756 3702 inducat
1780 3666 2029 3712 delegationem
2046 3694 2055 3708 ,
2075 3669 2108 3702 ὃς
2129 3665 2243 3702 conse-

2098 3725 2244 3762 quenter

1743 2273 1760 2317 )
1785 2271 1866 2318 quia
1888 2271 1909 2304 si
1934 2271 2069 2306 debitor
2089 2272 2234 2324 accipiat
2252 2282 2323 2319 247
