2400 3939
26 796 28 824 l

24 898 28 959 ,³

855 134 905 196 §.
961 127 1036 185 II.
1085 121 1252 186 Glos.
1293 124 1372 183 V.

140 219 191 255 nis
208 216 317 267 posset
336 219 529 265 procedere
543 243 552 258 ,
578 216 677 265 quod
697 212 847 250 scribunt
863 221 927 251 Sot.
948 215 982 252 dr
1004 216 1106 249 Card.

140 267 244 303 Tolet.
263 277 354 317 quos
369 265 467 301 retuli
470 267 547 313 sup.
565 277 595 298 n.
621 274 696 309 ¹52·
712 263 798 306 vers.
817 275 875 297 non
892 263 1004 309 olssar.

187 315 304 351 Inferio
325 326 366 349 ex
397 314 461 348 hac
485 311 705 348 conclusione
730 309 774 344 ad
799 313 961 356 majorem
986 310 1106 345 intelli-

141 363 288 410 gentiam
328 362 547 396 terminorum
573 387 583 402 ,
631 359 759 406 quibus
794 359 895 393 nostri
932 358 1106 393 Dostores

140 421 285 446 utuntur
301 437 312 452 ,
338 408 447 444 infero
460 411 596 457 inquam
612 435 623 449 ,
651 405 748 454 quod
764 406 938 442 cavallotti
949 433 959 448 ,
977 407 1010 440 in
1027 407 1105 454 qui-

140 461 205 496 bus
227 458 305 493 sunt
330 466 496 493 mutuatae
517 456 552 491 d.
567 456 624 492 lib.
646 462 748 501 3000.
766 466 836 489 non
861 454 937 489 sunt
959 454 992 489 in
1018 455 1106 489 obli-

139 506 282 555 gatione
297 532 307 547 ‚
334 505 389 540 sed
414 504 538 540 suntin
561 503 725 539 facultate
747 500 913 543 solvendi,
939 504 973 537 &
996 501 1105 537 solum

138 555 233 590 librae
260 552 337 588 sunt
361 553 394 588 in
416 552 654 599 obligatione·‚
682 550 799 597 licque
822 550 876 586 illa
901 552 1003 585 verba
1032 552 1047 596 (
1072 550 1105 584 in

138 613 194 638 tot
220 601 415 638 cavallottis
438 603 457 648 )
488 600 570 636 nihil
592 599 731 646 penitus
753 610 959 645 operantur,
1000 601 1103 633 Brun.

136 651 234 686 trafl.
253 650 296 685 de
311 660 426 685 monet.
450 648 520 693 (ἵε.
541 649 611 683 lim.
630 648 662 682 8.
672 645 739 695 sub
762 659 793 684 n.
812 659 845 690 4.
870 649 956 694 veis
982 658 1107 682 comra-

138 701 235 733 n'um.
259 705 334 733 tom.
363 697 493 745 12.fol.
520 698 599 735 218.
631 696 665 730 δε
687 705 751 742 pro
774 694 833 730 ista
853 695 1005 731 illatione
1028 694 1113 730 vide

139 758 224 795 quae
241 745 351 793 scripfi
360 747 438 794 sup.
456 757 489 781 n.
506 757 583 790 ¹43·

62 785 123 821 ¹⁸⁶
188 794 348 829 Extende
370 793 508 828 eandem
534 794 787 838 conclufionem
804 817 814 833 ,
846 798 885 826 ut
903 803 1007 840 aeque
1025 804 1108 839 pro-

140 841 261 882 cedat,
291 841 314 876 fi
335 840 374 875 fit
399 840 535 876 debitor
566 854 606 876 ex
626 842 694 876 alio
716 839 917 881 commeta,
957 852 1040 887 puta
1068 852 1108 874 ex

140 890 298 937 deposito
316 891 396 924 Ra'r.
409 891 443 927 ἐφ’
459 889 548 926 Ahb.
567 893 600 924 in
615 891 694 927 Iocir
702 889 962 937 supraproxim¹
979 891 1105 925 citatis.

141 937 244 973 Gabr.
263 941 298 972 in
312 938 416 972 concl.
436 938 494 972 lib.
515 951 545 984 3.
563 942 614 972 tir.
639 939 681 973 de
699 938 803 987 solut.
834 938 935 972 concl.
955 949 985 972 2.
1001 949 1033 973 n.
1052 949 1104 984 ¹7·

140 989 223 1022 Ant.
239 987 303 1022 Sol,
316 985 414 1020 aaa.
431 987 473 1020 a'e
485 999 601 1022 monet.
618 988 685 1034 cas.
702 998 754 1031 ¹3·
770 996 800 1018 n.
817 995 846 1018 1.
862 985 896 1021 &³
915 998 947 1019 2.

185 1033 367 1081 Restringe
383 1035 492 1081 primo
511 1035 650 1069 eandem
673 1032 923 1069 conclusionem
942 1059 951 1074 ,
981 1043 1021 1068 ut
1038 1044 1106 1067 non

137 1084 326 1132 procedat,
354 1082 493 1129 quando
509 1083 542 1117 in
561 1095 704 1122 mutuo,
738 1081 794 1114 seu
818 1080 975 1127 depofito
1002 1079 1105 1116 essent

135 1132 268 1180 adjaefla
294 1131 394 1166 verba
410 1157 419 1171 ,
447 1131 545 1177 quod
571 1130 819 1169 mutuatarius,
851 1128 907 1162 seu
931 1128 1103 1176 depofita-

135 1180 204 1214 rius
231 1190 386 1215 teneatur
409 1179 583 1213 restituere
607 1179 676 1214 illas
697 1178 785 1212 mille
812 1176 908 1211 libras
930 1176 964 1211 in
986 1179 1102 1212 eadem

135 1227 246 1275 specie
269 1237 418 1262 monetae
441 1222 703 1262 cavallottorum
719 1253 729 1267 ,
760 1227 793 1260 &
809 1224 869 1259 sub
886 1225 1001 1259 eadem
1017 1225 1104 1260 aeiii-

135 1277 310 1319 matione3
348 1275 429 1323 quia
454 1274 518 1309 isso
542 1275 618 1309 casu
645 1285 787 1322 propter
811 1274 943 1319 pat‘lum
974 1273 1102 1320 expres-

132 1323 207 1359 sum
234 1323 439 1360 deberentur
466 1323 555 1357 mille
579 1323 677 1358 librae
697 1323 739 1356 ad
770 1322 932 1356 rationem
958 1322 1101 1356 aestima-

134 1371 261 1414 tionis,
293 1373 327 1407 &
355 1371 478 1406 valoris
497 1371 761 1406 cavallottorum
792 1381 943 1418 tempore
970 1370 1101 1411 mutui,

134 1419 191 1455 seu
217 1419 385 1467 depositi,
415 1422 494 1454 Bar.
514 1424 547 1454 in
564 1420 598 1453 d.
616 1420 639 1453 l.
662 1420 800 1453 Paulus.
828 1423 858 1451 in
874 1418 950 1460 fine.
980 1419 1013 1451 ὅ(
1032 1419 1101 1452 cla-

134 1467 206 1502 rius
226 1471 360 1502 Cravet.
382 1470 465 1515 cons.
485 1480 544 1514 47.
571 1466 774 1515 magnificus.
799 1467 919 1501 Alber.
946 1469 1048 1500 Brun.
1065 1467 1100 1500 d.

133 1517 206 1550 lim.
219 1516 326 1563 8.sub
339 1529 369 1550 n.
383 1525 413 1561 5.
428 1518 664 1563 vetfsecundo
683 1517 836 1562 ‹Jnaerimr
850 1516 1100 1561 10.12.sol.218.

133 1566 167 1599 δε
185 1564 233 1599 ita
246 1563 427 1610 procedit,
451 1564 549 1611 quod
570 1562 679 1597 scribit
698 1563 798 1596 Gabr.
819 1565 851 1596 in
871 1564 971 1597 conci.
995 1563 1052 1597 lib.
1070 1575 1102 1607 3.

135 1615 189 1647 tit.
201 1612 350 1658 deſsilus.
367 1612 467 1647 concl.
491 1626 521 1646 2.
540 1613 641 1646 limiti
662 1607 734 1645 isn-
747 1612 777 1644 8.
791 1610 921 1660 (ἕψῃς.
935 1611 997 1658 qui
1020 1610 1104 1645 alios

138 1661 221 1695 citat
237 1687 246 1699 ,
268 1663 302 1696 ὃ(
320 1660 477 1708 procedit
503 1660 709 1706 ampliative.

188 1708 258 1742 Sed
280 1708 302 1742 fi
321 1720 387 1755 non
415 1708 475 1744 fint
492 1708 607 1742 addita
637 1708 690 1742 illa
719 1708 841 1746 verba.
877 1711 894 1755 (
913 1709 1022 1756 &sub
1049 1722 1106 1742 ea-

137 1758 213 1791 dem
239 1757 444 1802 :estimatione
466 1759 483 1803 )
518 1768 598 1793 tunc
622 1757 792 1791 restitutio
816 1756 977 1791 dictarum
1004 1757 1102 1790 libra·

138 1817 213 1839 rum
239 1805 303 1840 erit
328 1803 481 1839 facienda
502 1806 535 1840 in
556 1805 748 1840 cavalloitis
765 1831 773 1845 ,
802 1803 985 1840 secundum
1013 1807 1106 1840 valo-

136 1863 229 1894 rem,
260 1862 453 1888 currentem
481 1864 634 1900 tempore
663 1851 908 1895 restitutionis,
942 1853 1021 1888 Bar.
1045 1853 1103 1887 ubi

137 1900 234 1948 supra
254 1901 286 1935 in
303 1901 428 1936 ultimis
448 1901 577 1942 verbis,
603 1913 704 1949 quem
722 1902 894 1949 sequitur,
925 1903 1105 1948 reprelien-

137 1949 254 1984 dendo
271 1949 373 1984 Alex.
393 1950 489 1998 quod
517 1950 601 1984 male
627 1961 701 1985 enm
725 1950 926 1986 intellexerit
943 1977 953 1992 ,
987 1951 1103 1985 Alher.

138 1998 239 2032 Brun.
255 1998 290 2031 d.
305 1999 374 2032 lim.
389 1999 421 2032 8.
438 2011 523 2034 num.
541 2011 570 2043 5.
586 2000 673 2046 verſs
696 1999 730 2035 (sy
752 2009 811 2045 per
829 2000 1000 2046 praedifia.
1030 2011 1104 2033 nam

137 2045 201 2081 isto
234 2045 312 2081 casu
339 2046 513 2082 cavallotti
541 2045 614 2080 sunt
641 2047 781 2094 quidem
807 2046 839 2080 in
867 2048 1103 2094 obligatione,

137 2093 194 2129 sed
213 2104 322 2130 tamen
337 2094 570 2129 consideratur
587 2095 764 2129 aellimatio
778 2121 787 2136 ,
815 2097 847 2130 &
869 2097 962 2130 valor
975 2108 1105 2137 eorum,

138 2153 277 2178 currens
297 2154 452 2188 tempore
479 2138 678 2184 solutionis,
710 2143 798 2177 idem
824 2148 926 2180 Brun.
950 2145 1006 2179 ubi
1027 2147 1107 2192 sup.

135 2191 171 2226 &
190 2189 236 2225 fic
257 2190 468 2237 periculum,
495 2192 528 2226 &
550 2190 770 2226 commodum
785 2191 1031 2234 diminutionis,
1053 2192 1107 2227 vel

120 2238 310 2285 'augmenti
324 2240 473 2285 pertinet
491 2240 534 2275 ad
547 2239 736 2275 debitorem
751 2266 761 2280 ,
785 2240 847 2288 qui
869 2241 915 2274 est
931 2251 1104 2276 mutuata-

132 2287 228 2328 rius,
258 2285 577 2334 seudepositarius,
605 2287 695 2324 Abb.
721 2291 753 2322 in
771 2302 800 2323 c.
818 2289 872 2323 18.
902 2300 1019 2336 quanto
1038 2290 1104 2337 suh

133 2348 167 2370 n.
189 2344 242 2380 ¹5·
257 2335 324 2376 ibi,
351 2338 488 2383 autfuit
506 2337 630 2371 dilium
653 2347 760 2370 mutuo
776 2337 818 2371 de
830 2340 969 2383 jurejur.

54 2379 117 2425 189
179 2383 417 2428 Subrestringe
431 2384 522 2419 illam
540 2384 781 2420 restrienonem
802 2386 835 2419 in
856 2397 917 2427 eo,
935 2386 1032 2434 quod
1050 2387 1101 2422 di-

132 2430 190 2473 xi,
220 2431 317 2466 libras
340 2432 404 2467 esse
427 2432 648 2467 restituendas
675 2432 708 2467 in
733 2434 949 2476 cavallottis,
975 2437 1009 2470 itl
1032 2437 1101 2479 est,

131 2480 166 2514 in
184 2480 300 2515 eadem
321 2480 451 2527 (pecie,
472 2481 578 2516 stante
593 2481 709 2527 pafto,
733 2492 770 2515 ut
789 2495 855 2517 non
875 2483 1042 2529 procedat
1057 2484 1101 2520 de

130 2527 398 2569 contuetudine,
427 2541 509 2577 quae
530 2530 679 2564 admittit
710 2530 912 2566 solutionem
943 2532 1042 2567 etiam
1068 2534 1101 2567 in

131 2576 194 2611 alia
218 2576 352 2622 specie,
385 2576 574 2612 dummodo
592 2577 744 2616 creditor
770 2579 925 2615 damnum
946 2593 1016 2615 non
1041 2594 1100 2628 pa-

133 2623 256 2666 riatur,
285 2637 346 2672 per
365 2637 403 2660 ea
424 2637 506 2674 qnae
533 2625 690 2673 dixifitp.
709 2640 738 2661 n.
763 2639 838 2669 ¹04·
854 2629 955 2676 ampl.
987 2641 1013 2663 1.
1038 2630 1100 2665 erit

132 2683 243 2707 tamen
261 2671 458 2708 servandum
476 2674 606 2720 paclurn
619 2700 628 2714 ,
657 2676 689 2709 ὅ(
705 2675 788 2722 juris
805 2674 991 2724 dispositio,
1008 2689 1099 2725 quo-

130 2720 175 2755 ad
194 2719 451 2756 aestimationem
477 2721 674 2757 faciendam.

181 2768 362 2816 Restringe
386 2769 537 2805 secundo
553 2797 561 2810 ,
603 2782 641 2805 ut
671 2784 740 2807 non
769 2773 934 2818 procedat
958 2773 1098 2821 quando

135 2814 232 2851 fieret
261 2817 429 2854 restitutio
454 2818 485 2853 in
507 2830 663 2862 moneta,
698 2825 797 2869 cujus
827 2821 961 2856 bonitas
984 2821 1100 2856 intrin-

137 2863 210 2899 seca
229 2864 311 2900 effet
332 2865 498 2903 diminuta
516 2892 525 2907 ,
563 2878 606 2902 eo
631 2868 728 2917 quod
757 2880 816 2913 per
838 2868 1005 2904 inferioris
1033 2882 1101 2905 me-

136 2912 205 2946 talli
238 2915 382 2948 mixtura
406 2913 488 2950 esset
522 2925 749 2952 contaminata
765 2943 773 2957 ‚
813 2916 870 2952 seu
894 2917 990 2953 aliter
1016 2918 1099 2953 esset

137 2960 302 2996 diminuta
326 2961 358 2997 in
385 2962 566 3009 pondere;
599 2964 679 3011 quia
711 2965 773 2999 isso
799 2965 876 2998 casu
897 2991 906 3005 ,
943 2967 1098 3013 quamvis

135 3010 358 3045 mutuatarius
385 3010 522 3046 debitor
542 3011 730 3048 restitueret
749 3013 848 3047 libras
865 3013 954 3048 mille
969 3024 1099 3050 mutua-

135 3066 188 3091 tas
201 3083 210 3098 ,
242 3058 274 3091 ὅ(
303 3057 335 3092 in
354 3059 546 3095 cavallottis
561 3086 569 3100 ,
596 3061 628 3094 in
649 3062 775 3108 quibus
794 3061 849 3095 fibi
871 3074 1036 3099 mutuatae
1051 3063 1098 3097 es-

134 3102 206 3140 sent
229 3105 330 3140 distae
351 3106 444 3143 librae
472 3107 581 3151 mille;
614 3118 723 3145 tamen
744 3121 812 3143 non
840 3109 1018 3151 liberatur,
1041 3111 1100 3146 nifi

135 3150 237 3187 faciat
265 3153 509 3190 restitutionem
541 3155 583 3191 ad
615 3157 870 3192 aessirnationem
905 3159 1065 3195 bonitatis
1086 3186 1096 3202 ,

65 324 122 369 185

60 1019 122 1067 187

59 1709 120 1746 188

51 2782 118 2816 ¹90

135 3203 236 3248 cujus
247 3212 340 3236 erant
356 3203 530 3238 cavallotti
546 3214 700 3253 tempore
717 3206 846 3246 mutui,
869 3210 970 3249 Apum
982 3210 1098 3243 .Brun.

133 3251 230 3284 trafl.
246 3250 288 3284 de
305 3263 419 3286 monet.
437 3252 503 3289 &aa
515 3255 638 3300 partic.
662 3255 693 3288 6.
711 3267 741 3288 n.
764 3266 793 3287 ι.
810 3254 846 3291 ἀπ’
859 3257 932 3304 seq.
950 3256 985 3292 ὠ
1001 3258 1097 3291 limit.

133 3296 240 3344 &fib
254 3310 284 3332 n.
303 3311 333 3346 5.
352 3301 523 3346 verfisunt
542 3312 662 3335 tamen.

182 3346 320 3392 Amplia
335 3347 442 3394 primo
465 3348 552 3383 hanc
574 3349 810 3385 restrictionem
824 3377 834 3392 ,
861 3360 900 3387 ut
932 3352 1098 3398 procedat

134 3391 234 3428 etiam
255 3393 277 3427 fi
295 3393 432 3430 debitor
446 3395 551 3434 solvat
573 3396 638 3431 fine
657 3410 749 3433 mora
762 3425 771 3440 ‚
795 3410 853 3445 per
875 3410 913 3433 ea
932 3412 1012 3448 quae
1027 3401 1097 3435 dixi

123 3440 229 3488 supra
243 3442 310 3489 sub
331 3455 362 3477 n.
388 3445 464 3489 178.

179 3489 317 3535 Amplia
339 3490 491 3527 secundo
507 3518 516 3533 ,
547 3502 585 3527 ut
607 3496 798 3539 procedat,
828 3494 926 3530 etiam
949 3496 972 3530 fi
999 3497 1095 3534 valor

131 3546 282 3573 monetae
304 3550 372 3574 non
397 3551 438 3574 ex
455 3540 526 3575 hoc
553 3540 592 3575 sit
612 3541 801 3579 diminutus
816 3571 826 3585 ‚
855 3545 936 3591 quia
959 3544 1094 3586 debitor

123 3583 242 3666 adhpc
270 3594 405 3623 tenetur
431 3589 608 3625 restituere
640 3590 674 3626 in
708 3592 824 3628 eadem
852 3593 1006 3630 bonitate
1041 3594 1093 3636 in-⁴

129 3640 194 3668 trtn
210 3641 287 3669 een.

1209 214 1348 261 Amplia
1371 214 1475 248 tertio
1500 240 1511 254 ,
1539 222 1580 248 ut
1606 216 1770 261 procedat
1790 243 1800 258 ,
1829 217 1926 253 etiam
1949 217 1971 250 fi
1995 230 2034 251 ex
2058 217 2122 252 hac

1158 263 1351 297 mutatione
1379 261 1541 297 bonitatis
1575 263 1764 298 intrinsecae
1796 277 1864 299 non
1893 265 1930 298 fit
1961 266 2122 299 alteratus

1159 310 1254 344 valor
1278 321 1428 345 monetae
1450 309 1593 357 groffae,
1621 310 1656 345 id
1682 312 1725 344 est
1739 338 1747 351 ‚
1776 324 1923 347 monetae
1941 311 2120 359 pretiosae,

1162 367 1246 405 puta
1260 385 1270 400 ,
1294 369 1406 394 aureae
1423 385 1433 400 ,
1462 359 1517 393 vel
1537 358 1632 392 valor
1653 371 1783 400 rerum,
1811 361 1844 393 <Sc
1870 362 2039 395 mercium.

1210 406 1348 453 Amplia
1375 417 1527 455 quarto,
1569 414 1608 440 ut
1642 407 1753 440 multo
1787 407 1893 454 magis
1924 408 2089 454 procedat
2109 434 2121 449 ,

1161 453 1303 502 quando
1324 455 1371 490 ob
1399 454 1521 489 vitium
1544 465 1693 490 monetae
1715 455 1879 496 minutae,
1911 457 2009 502 cujus
2028 455 2124 490 boni-

1160 513 1211 538 tas
1227 501 1405 538 intrinseca
1420 502 1460 537 fit
1488 501 1676 543 diminuta,
1706 502 1752 537 est
1771 503 1879 539 aetum
1905 503 2048 550 pretium
2067 514 2126 549 pe-

1160 550 1276 585 cuniae
1298 550 1442 596 groffae,
1470 550 1507 586 id
1529 549 1577 585 est
1594 574 1604 590 ,
1632 551 1808 597 pretiosae,
1841 562 1880 585 ut
1907 562 2012 597 puta,
2044 550 2128 598 quia

1161 608 1200 634 tu
1226 597 1373 634 debebas
1394 598 1476 633 mihi
1492 597 1608 632 decem
1631 599 1804 641 florenos,
1835 599 1958 649 quibus
1973 611 2041 645 ego
2064 611 2128 645 po-

1160 645 1293 681 tuissem
1315 658 1423 681 emere
1440 657 1506 681 tres
1524 657 1666 688 aureos,
1693 651 1726 683 δε
1743 646 1850 682 hodie
1863 660 1930 682 non
1945 646 2125 688 sufficiunt,

1159 694 1315 743 quamvis
1343 694 1510 730 distorum
1533 694 1741 731 florenorum
1775 696 1870 730 valor
1890 695 1930 730 fit
1956 695 2066 737 idem,
2091 696 2126 729 δε

1160 754 1230 777 non
1254 742 1292 778 fit
1314 754 1487 786 mutatus3
1512 743 1594 789 quia
1617 754 1656 777 tu
1679 742 1795 778 adhuc
1816 743 1879 780 isto
1901 743 1978 778 casu
1997 756 2065 778 non
2086 743 2126 776 li-

1161 791 1284 825 beraris
1297 817 1307 832 ,
1336 789 1502 826 solvendo
1522 790 1600 826 illos
1621 790 1740 826 decem
1758 791 1930 834 florenos,
1952 791 2009 826 sed
2035 802 2127 826 tene-

1161 839 1203 873 ris
1223 838 1379 886 supplere
1393 849 1506 875 totum
1523 838 1615 874 illum
1629 865 1640 880 ‚
1670 839 1768 887 quod
1787 838 1878 874 deest
1901 839 1944 875 ad
1963 839 2127 885 emendos

1160 896 1228 922 tres
1251 898 1375 922 aureos
1391 913 1401 929 ,
1443 885 1549 934 idque
1580 887 1627 921 est
1650 899 1766 923 verum
1787 900 1856 925 non
1885 885 1990 924 solum
2006 883 2128 923 ‘saltem

1159 936 1234 982 post
1256 948 1384 971 moram
1398 961 1408 977 ‚
1437 946 1476 971 ut
1495 935 1652 983 loquitur
1673 935 1787 971 Thom.
1805 937 1942 983 Parpal.
1967 939 1999 970 in
2015 937 2039 971 l.
2054 947 2128 971 cum

1158 983 1249 1030 quid.
1258 984 1322 1030 Jub
1335 997 1366 1018 n.
1379 996 1433 1032 27.
1458 985 1559 1019 concl.
1578 997 1608 1030 5.
1624 985 1668 1031 ff.
1691 983 1715 1024 fi
1728 996 1794 1019 cer.
1816 995 1884 1032 pet.
1905 986 1989 1020 inter
2012 988 2124 1032 Repet.

1157 1043 1232 1066 tom.
1264 1045 1294 1067 2.
1320 1031 1377 1067 sed
1402 1032 1501 1067 etiam
1526 1031 1755 1067 indubitanter
1776 1043 1855 1067 ante
1884 1043 2010 1066 moram
2027 1059 2037 1074 ,
2066 1041 2127 1078 per

1158 1091 1196 1113 ea
1211 1107 1220 1122 ‚
1253 1091 1335 1127 quae
1355 1080 1424 1115 dixi
1454 1079 1488 1114 in
1513 1080 1771 1128 fimplicioribus
1794 1079 1943 1117 terminis
1957 1082 2065 1128 supra
2090 1083 2125 1113 in

1158 1129 1245 1170 loco,
1275 1131 1377 1164 citato
1401 1128 1458 1163 hoc
1473 1130 1546 1163 eod.
1563 1142 1618 1163 nu.
1642 1132 1675 1163 in
1695 1131 1806 1176 prima
1826 1129 2059 1178 ampliatione,
2086 1128 2123 1162 ὅς

1155 1175 1244 1211 adde
1260 1188 1340 1223 quae
1355 1175 1466 1223 scripfi
1486 1178 1584 1225 supra
1600 1190 1631 1211 n.
1647 1189 1723 1225 179.
1739 1175 1774 1214 (θ’
1794 1178 1869 1212 180.

1204 1223 1383 1271 Restringe
1412 1226 1538 1268 tertio,
1575 1236 1614 1260 ut
1639 1223 1782 1260 facultas
1809 1224 1962 1260 solvendi
1994 1224 2029 1259 in
2058 1223 2121 1260 alia
2140 1221 2203 1253 ¹9¹

1155 1272 1293 1318 specie,
1323 1273 1378 1307 seu
1408 1273 1569 1316 materia,
1600 1274 1697 1321 Juxta
1727 1284 1791 1308 tex.
1817 1277 1850 1308 in
1870 1274 1894 1308 l.
1928 1285 1981 1320 57.
2003 1272 2027 1314 [ἱ
2048 1276 2122 1320 quis

1143 1322 1328 1368 stipulatus
1345 1348 1353 1363 ‚
1377 1322 1420 1366 ff.
1448 1320 1489 1356 de
1497 1323 1601 1369 fhlut.
1625 1320 1799 1357 auferatur
1817 1333 1877 1369 per
1902 1322 1968 1356 litis
1990 1321 2126 1357 contes-

1157 1369 1320 1404 tationem
1343 1397 1352 1411 ,
1393 1368 1510 1407 faciam
1536 1369 1635 1417 super
1656 1380 1792 1405 moneta
1820 1369 1998 1417 promissa,
2030 1380 2070 1405 ut
2093 1373 2127 1404 in

1154 1418 1187 1450 d.
1209 1417 1267 1463 1·st
1280 1421 1352 1465 quis
1366 1418 1558 1465 stipulatus.
1577 1421 1611 1454 ὃς
1634 1417 1745 1466 scripfi
1757 1419 1862 1467 supra
1884 1430 1968 1468 num.
1990 1429 2066 1463 143.
2093 1420 2127 1453 in

1151 1467 1357 1500 limitatione.

1202 1512 1381 1561 Ressringe
1407 1524 1534 1563 quarto
1553 1543 1563 1558 ,
1596 1525 1636 1551 ut
1668 1527 1737 1550 non
1758 1514 1944 1563 procedat,
1983 1515 2124 1562 qua-ndo
2145 1512 2209 1545 ¹9²

1157 1561 1293 1597 debitor
1320 1562 1433 1598 fnisset
1462 1563 1640 1605 morosuS,
1674 1564 1755 1612 quia
1780 1574 1865 1598 tunc
1885 1563 2057 1600 tenebitur
2080 1563 2125 1599 ad

1158 1608 1312 1644 interesse
1340 1612 1510 1647 causatum
1538 1610 1699 1648 creditori
1726 1622 1866 1659 propter
1899 1611 2001 1657 iplius
2029 1611 2125 1648 debi-

1157 1658 1240 1693 toris
1265 1671 1419 1705 mossam3
1452 1659 1509 1694 sed
1537 1660 1581 1695 de
1607 1660 1671 1694 hac
1695 1660 1899 1695 restrictione
1924 1659 2000 1694 satis
2024 1660 2125 1696 locu-

1156 1718 1210 1741 tus
1233 1706 1303 1741 sum
1327 1707 1425 1754 supra
1452 1708 1485 1742 in
1509 1709 1662 1754 pluribus
1679 1708 1784 1751 locis,
1809 1709 1843 1743 dc
1864 1707 1898 1742 in
1919 1707 2045 1743 fimilib.
2060 1708 2124 1746 res-

1158 1754 1389 1798 aldionibus,
1415 1767 1497 1804 quae
1517 1758 1551 1792 in
1573 1757 1636 1791 hac
1655 1757 1791 1792 materia
1808 1756 1941 1803 possent
1960 1769 2123 1792 occurre-

1155 1815 1189 1836 re
1204 1830 1214 1844 ,
1239 1803 1362 1851 plurib.
1380 1817 1449 1839 non
1467 1805 1604 1850 infisto;
1626 1805 1723 1846 volui
1738 1815 1851 1841 tamen
1868 1803 1966 1846 haee,
1993 1806 2027 1840 &
2040 1817 2123 1855 quae

1156 1850 1265 1898 scripsi
1275 1854 1414 1902 sup-gl.
1433 1867 1464 1898 3.
1490 1866 1578 1888 num.
1593 1855 1648 1888 82.
1672 1854 1706 1891 &
1729 1855 1797 1903 seq.
1811 1866 1899 1888 num.
1915 1866 1973 1898 90.
2000 1854 2033 1890 (ῥ’
2048 1857 2122 1901 ssq.

1155 1899 1199 1932 de
1222 1901 1365 1936 monetis
1390 1900 1506 1936 dixiss'e
1521 1929 1531 1943 ,
1566 1902 1645 1950 quia
1666 1900 1746 1950 ipsae
1768 1902 1981 1950 praecipuutn
1998 1902 2126 1940 habent

1157 1948 1272 1982 locum
1294 1948 1327 1983 in
1343 1947 1592 1993 solutionibus,
1622 1950 1668 1984 de
1685 1951 1813 1999 quibus
1825 1949 1882 1985 hic
1902 1950 2002 1985 nobis
2020 1962 2126 1998 agen-

1157 1995 1239 2030 dum
1256 1996 1343 2041 suiv,
1370 1998 1393 2032 fi
1418 2009 1501 2045 quae
1518 2009 1627 2034 tamen
1641 1998 1729 2034 ultra
1746 1999 1841 2041 haec,
1862 2010 1945 2048 quae
1966 1998 2125 2041 diximus,

1156 2043 1219 2079 tibi
1241 2045 1287 2080 de
1310 2048 1458 2081 monetis
1484 2047 1630 2082 videnda
1659 2046 1894 2089 occurrerint,
1930 2047 2058 2094 poteris
2085 2059 2127 2083 tu

1158 2092 1297 2134 videre,
1335 2105 1419 2142 quae
1443 2095 1475 2129 in
1495 2095 1642 2143 propriis
1673 2096 1768 2130 tract.
1793 2094 1992 2143 scripserunt
2017 2097 2126 2134 Gabr.

1156 2143 1242 2176 Biel.
1257 2143 1376 2178 Joann.
1394 2144 1524 2192 Aquila
1536 2171 1546 2184 ,
1569 2145 1712 2183 Martin.
1727 2143 1840 2179 Laud.
1853 2145 1966 2180 Franc.
1980 2147 2054 2181 Cur.
2070 2148 2124 2182 Jo.

1154 2191 1324 2238 Regnaud.
1341 2192 1424 2227 Alb.
1445 2195 1548 2227 Brun.
1563 2193 1652 2227 Colle
1676 2195 1742 2227 ium
1765 2195 1847 2241 Pap.
1866 2196 1968 2240 Aym.
1984 2195 2120 2230 Cra-vet.

1154 2240 1260 2273 Incer.
1281 2240 1389 2275 Auth.
1403 2242 1483 2278 Ren.
1506 2241 1593 2278 Bud.
1612 2243 1649 2275 So
1667 2266 1676 2275 .
1700 2242 1799 2290 Gasp.
1820 2242 1894 2277 Bel.
1916 2242 2016 2289 Gasp.
2036 2245 2121 2278 Ant.

1152 2284 1229 2334 Teff.
1245 2288 1279 2324 (θ’
1292 2291 1376 2324 Ant.
1394 2289 1471 2323 Fab.

1200 2336 1248 2370 Et
1272 2337 1331 2373 ubi
1355 2336 1438 2373 velis
1456 2336 1592 2380 videre,
1623 2336 1725 2384 cujus
1742 2338 1904 2386 temporis
1921 2337 2120 2375 attendatur
2140 2335 2201 2370 ¹93

1153 2383 1247 2419 valor
1267 2396 1417 2421 monetae
1436 2385 1470 2420 in
1496 2386 1713 2422 ordinatione
1736 2413 1747 2428 ,
1785 2386 1844 2422 seu
1873 2386 2121 2423 constitutione

1154 2431 1356 2475 Pontificis,
1387 2434 1418 2469 in
1446 2434 1563 2470 ultima
1595 2436 1777 2470 voluntate
1796 2463 1805 2478 ,
1842 2436 1876 2470 in
1895 2435 2051 2477 statutis,
2083 2434 2119 2469 in

1151 2481 1331 2523 sententia,
1357 2481 1388 2516 in
1408 2483 1515 2529 gratia
1535 2483 1701 2529 Principis
1713 2511 1722 2526 ,
1741 2484 1822 2520 vide
1839 2486 1927 2519 Rom.
1939 2485 2023 2532 cons.
2039 2495 2116 2528 ¹23·

1151 2532 1243 2563 circa
1257 2533 1402 2576 pr1‘mum
1405 2531 1472 2578 sub
1483 2544 1513 2567 η.
1533 2545 1560 2566 1.
1572 2533 1658 2578 vers
1668 2534 1828 2580 praemiffis
1842 2544 1950 2568 tamen
1963 2533 1997 2569 (5
2013 2531 2116 2567 Gabr.

1150 2579 1183 2610 in
1202 2579 1302 2612 concl.
1319 2579 1377 2613 lib.
1394 2591 1423 2623 3.
1437 2582 1489 2616 rit.
1502 2580 1653 2629 desolat.
1668 2582 1771 2616 concl.
1783 2594 1818 2624 4.
1835 2585 1905 2626 5.6.
1921 2581 1957 2619 ὅ]
1971 2592 2004 2627 7.
2016 2581 2050 2614 ὅ(
2068 2581 2117 2614 lo-

1150 2625 1291 2672 quendo
1313 2627 1356 2661 de
1379 2628 1498 2664 debito
1516 2641 1555 2663 ex
1575 2628 1726 2671 statuto,
1764 2630 1818 2664 vel
1835 2641 1875 2664 ex
1898 2628 2117 2665 consuetudi·

1149 2684 1211 2712 ne,
1236 2676 1336 2712 Hier.
1358 2676 1459 2712 Gabr.
1484 2679 1568 2724 confi
1592 2679 1668 2719 164.
1688 2681 1823 2713 civitas.
1847 2691 1877 2714 n.
1890 2691 1925 2722 4.
1947 2681 2062 2727 versus
2073 2675 2116 2722 fi-

1147 2732 1240 2763 nem,
1270 2723 1470 2771 ibifi’cundo
1488 2736 1564 2772 puto
1578 2753 1589 2768 ‚
1612 2729 1688 2763 ἴση.
1706 2739 1737 2773 5.
1760 2727 1818 2761 lib.
1838 2740 1866 2762 ι.

1405 2775 1432 2807 S
1452 2775 1485 2808 U
1507 2776 1553 2810 M
1573 2777 1620 2810 M
1641 2777 1677 2809 A
1704 2777 1730 2809 R
1760 2775 1779 2809 I
1801 2778 1849 2812 A.

1146 2818 1232 2853 Loco
1249 2820 1387 2869 apposito
1405 2823 1586 2869 solutioni,
1615 2826 1649 2857 in
1665 2835 1700 2857 eo
1712 2825 1835 2872 solutio
1844 2824 1925 2869 fieri
1938 2824 2052 2865 debet,
2079 2836 2113 2869 n,

1202 2878 1279 2911 194.
1292 2873 1325 2904 in
1336 2870 1417 2914 fine.

1147 2915 1344 2962 Ampliatur
1351 2922 1457 2967 primo
1473 2917 1715 2967 haec·conc111s1‘0,
1727 2924 1827 2956 etiam
1842 2922 1866 2962 [ἰ
1876 2922 1965 2957 locus
1976 2922 2016 2969 fit
2029 2925 2114 2958 taci-

1194 2973 1226 2996 te
1241 2972 1413 3014 appoltrus,
1429 2980 1461 3002 n.
1481 2979 1557 3014 ¹95.
1588 2970 1734 3017 Quando
1748 2971 1882 3005 dicatur
1902 2975 2004 3006 tacite
2015 2983 2113 3019 appo-

1195 3012 1286 3056 firus,
1305 3016 1377 3052 eod.
1392 3029 1423 3051 n.
1437 3028 1513 3061 195.
1525 3019 1559 3054 (ς’
1584 3020 1658 3061 196.
2038 3016 2041 3020 ”

1148 3061 1496 3110 Ampliaturftcundo
1508 3092 1517 3104 ,
1544 3069 1644 3101 eiiam
1658 3067 1832 3114 fispecier,
1848 3068 1906 3102 vel
1922 3069 2002 3117 quid
2014 3081 2111 3117 gene—

1196 3116 1245 3147 ris
1254 3114 1441 3160 subalterni
1453 3113 1548 3161 solvi
1561 3114 1690 3158 debeat,
1708 3129 1739 3150 n.
1756 3128 1768 3150 ι
1775 3129 1831 3163 97.
1848 3116 2108 3164 Subampliarur‚

1194 3164 1296 3195 etiam
1318 3161 1351 3207 fi
1378 3174 1438 3209 pro
1454 3162 1615 3208 solutione
1637 3163 1710 3212 fieri
1741 3164 1860 3200 debeat
1880 3166 2110 3213 transportatio

1195 3222 1235 3244 ex
1257 3211 1323 3244 loco
1345 3210 1500 3256 distanti,
1517 3224 1547 3244 n.
1566 3213 1642 3256 198.

1145 3256 1354 3292 Declaratur
1367 3262 1472 3306 primo
1485 3259 1601 3295 eadem
1620 3259 1790 3301 conclufio,
1812 3273 1845 3295 ut
1854 3261 1896 3306 fit
1917 3271 2001 3295 vera
2016 3287 2026 3302 ‚
2045 3260 2108 3300 slve

1193 3308 1281 3341 Iocus
1294 3306 1337 3349 fit
1352 3307 1509 3354 appofitus
1526 3313 1642 3356 gratia
1655 3308 1829 3343 creditoris
1843 3336 1852 3350 ‚
1862 3310 1934 3353 five
1943 3313 2109 3359 utriusque

1184 3357 1283 3401 Jecur
1304 3355 1326 3393 Ιῐ
1331 3358 1447 3402 gratia
1451 3354 1558 3402 filius
1574 3357 1731 3391 debitoris
1746 3382 1756 3396 ,
1778 3370 1809 3391 n.
1829 3370 1904 3401 199.

1144 3402 1351 3437 Declaratur
1358 3404 1520 3451 secundo,
1549 3417 1584 3439 ut
1610 3404 1738 3438 debitor
1752 3406 1837 3452 poffit
1844 3406 1980 3454 solvere
2004 3407 2108 3441 etiam

1193 3449 1295 3489 alibi,
1322 3451 1387 3486 (σε.
1412 3463 1538 3487 n.200.

1142 3499 1349 3533 Declaratur
1364 3502 1471 3538 tertio,
1487 3510 1521 3533 ut
1542 3499 1563 3538 si
1579 3502 1611 3533 in
1633 3498 1712 3539 loco,
1729 3501 1879 3545 solutioni
1892 3502 2028 3546 αρροήιο
2046 3513 2104 3546 pro

1194 3558 1283 3581 cerm
1295 3546 1360 3585 die,
1370 3546 1817 3594 urerq3fitforeefis,creditor
1830 3545 2103 3594 1e›1ea11‹rproba-

1191 3596 1278 3642 re,sc
1290 3592 1353 3627 illa
1365 3594 1520 3642 diefm'ffe
1528 3608 1562 3628 eo
1571 3597 1604 3630 in
1617 3596 1696 3636 loco,
1709 3609 1789 3631 n.20
1799 3610 1809 3630 ι
1818 3623 1825 3630 .
1839 3598 2101 3643 luseumprimv,

1192 3642 1312 3689 quodsi
1324 3643 1469 3676 creditor
1481 3643 1539 3677 hoc
1553 3655 1616 3678 non
1625 3643 1757 3726 probi—111,
1769 3649 1947 3692 requiritur
1957 3648 1992 3681 in
2001 3646 2102 3691 polie-

1749 3692 1772 3725 h
1810 3708 1827 3728 ι
2028 3705 2101 3727 vum
