<?xml version="1.0" encoding="UTF-8"?>
<!DOCTYPE html PUBLIC "-//W3C//DTD XHTML 1.0 Transitional//EN"
    "http://www.w3.org/TR/xhtml1/DTD/xhtml1-transitional.dtd">
<html xmlns="http://www.w3.org/1999/xhtml" xml:lang="en" lang="en">
 <head>
  <title>
</title>
<meta http-equiv="Content-Type" content="text/html;charset=utf-8" />
  <meta name='ocr-system' content='tesseract 3.04.00' />
  <meta name='ocr-capabilities' content='ocr_page ocr_carea ocr_par ocr_line ocrx_word'/>
</head>
<body>
  <div class='ocr_page' id='page_1' title='image "./sigismundiscacci00scac_0363.png"; bbox 0 0 2400 3939; ppageno 0'>
   <div class='ocr_carea' id='block_1_1' title="bbox 6 1009 23 1847">
    <p class='ocr_par' dir='ltr' id='par_1_1' title="bbox 6 1009 23 1847">
     <span class='ocr_line' id='line_1_1' title="bbox 6 1009 23 1847; baseline 0 0"><span class='ocrx_word' id='word_1_1' title='bbox 6 1009 23 1847; x_wconf 95' lang='lat' dir='ltr'> </span> 
     </span>
    </p>
   </div>
   <div class='ocr_carea' id='block_1_2' title="bbox 873 129 1360 204">
    <p class='ocr_par' dir='ltr' id='par_1_2' title="bbox 873 129 1360 204">
     <span class='ocr_line' id='line_1_2' title="bbox 873 129 1360 204; baseline -0.006 -10"><span class='ocrx_word' id='word_1_2' title='bbox 873 139 922 204; x_wconf 84' lang='lat'>§.</span> <span class='ocrx_word' id='word_1_3' title='bbox 959 138 1040 194; x_wconf 88' lang='lat'>11.</span> <span class='ocrx_word' id='word_1_4' title='bbox 1079 129 1244 196; x_wconf 80' lang='lat' dir='ltr'>Glos.</span> <span class='ocrx_word' id='word_1_5' title='bbox 1283 131 1360 191; x_wconf 90' lang='lat' dir='ltr'>V.</span> 
     </span>
    </p>
   </div>
   <div class='ocr_carea' id='block_1_3' title="bbox 65 219 1142 3681">
    <p class='ocr_par' dir='ltr' id='par_1_3' title="bbox 179 219 1142 273">
     <span class='ocr_line' id='line_1_3' title="bbox 179 219 1142 273; baseline -0.001 -13"><span class='ocrx_word' id='word_1_6' title='bbox 179 222 325 273; x_wconf 79' lang='lat' dir='ltr'>pofitum</span> <span class='ocrx_word' id='word_1_7' title='bbox 344 225 364 261; x_wconf 75' lang='grc' dir='ltr'>ὲ</span> <span class='ocrx_word' id='word_1_8' title='bbox 381 222 536 272; x_wconf 81' lang='lat' dir='ltr'>Principe</span> <span class='ocrx_word' id='word_1_9' title='bbox 556 224 588 258; x_wconf 86' lang='lat' dir='ltr'>iii</span> <span class='ocrx_word' id='word_1_10' title='bbox 608 219 722 258; x_wconf 65' lang='lat' dir='ltr'>edic-&#39;to</span> <span class='ocrx_word' id='word_1_11' title='bbox 741 248 752 263; x_wconf 85' lang='lat'><strong>‚</strong></span> <span class='ocrx_word' id='word_1_12' title='bbox 772 232 812 258; x_wconf 89' lang='lat' dir='ltr'>ut</span> <span class='ocrx_word' id='word_1_13' title='bbox 837 223 907 258; x_wconf 86' lang='lat' dir='ltr'>hoc</span> <span class='ocrx_word' id='word_1_14' title='bbox 936 224 972 258; x_wconf 83' lang='lat' dir='ltr'>fit</span> <span class='ocrx_word' id='word_1_15' title='bbox 995 237 1109 259; x_wconf 87' lang='lat' dir='ltr'>verum</span> <span class='ocrx_word' id='word_1_16' title='bbox 1133 253 1142 267; x_wconf 93' lang='lat'>‚</span> 
     </span>
    </p>

    <p class='ocr_par' dir='ltr' id='par_1_4' title="bbox 181 271 1142 322">
     <span class='ocr_line' id='line_1_4' title="bbox 181 271 1142 322; baseline -0.001 -13"><span class='ocrx_word' id='word_1_17' title='bbox 181 274 321 322; x_wconf 86' lang='lat' dir='ltr'>quando</span> <span class='ocrx_word' id='word_1_18' title='bbox 345 273 503 319; x_wconf 74' lang='lat' dir='ltr'>Princeps</span> <span class='ocrx_word' id='word_1_19' title='bbox 518 298 529 313; x_wconf 92' lang='lat'>‚</span> <span class='ocrx_word' id='word_1_20' title='bbox 550 272 607 306; x_wconf 85' lang='lat' dir='ltr'>seu</span> <span class='ocrx_word' id='word_1_21' title='bbox 625 271 844 316; x_wconf 68' lang='lat' dir='ltr'>Magistratus</span> <span class='ocrx_word' id='word_1_22' title='bbox 866 271 1022 307; x_wconf 86' lang='lat' dir='ltr'>toleravit</span> <span class='ocrx_word' id='word_1_23' title='bbox 1049 273 1142 308; x_wconf 90' lang='lat' dir='ltr'>illum</span> 
     </span>
    </p>

    <p class='ocr_par' dir='ltr' id='par_1_5' title="bbox 180 318 1141 365">
     <span class='ocr_line' id='line_1_5' title="bbox 180 318 1141 365; baseline -0.002 -9"><span class='ocrx_word' id='word_1_24' title='bbox 180 322 287 362; x_wconf 86' lang='lat' dir='ltr'>usum,</span> <span class='ocrx_word' id='word_1_25' title='bbox 301 322 336 356; x_wconf 77' lang='grc' dir='ltr'>δε</span> <span class='ocrx_word' id='word_1_26' title='bbox 353 319 633 356; x_wconf 89' lang='lat' dir='ltr'>consuetudinem</span> <span class='ocrx_word' id='word_1_27' title='bbox 650 331 663 362; x_wconf 88' lang='lat'>;</span> <span class='ocrx_word' id='word_1_28' title='bbox 679 318 760 365; x_wconf 87' lang='lat' dir='ltr'>quia</span> <span class='ocrx_word' id='word_1_29' title='bbox 775 329 857 353; x_wconf 91' lang='lat' dir='ltr'>tunc</span> <span class='ocrx_word' id='word_1_30' title='bbox 874 318 928 353; x_wconf 87' lang='lat' dir='ltr'>ille</span> <span class='ocrx_word' id='word_1_31' title='bbox 942 319 1019 353; x_wconf 81' lang='lat' dir='ltr'>usus</span> <span class='ocrx_word' id='word_1_32' title='bbox 1037 322 1082 354; x_wconf 88' lang='lat' dir='ltr'>est</span> <span class='ocrx_word' id='word_1_33' title='bbox 1103 322 1141 354; x_wconf 89' lang='lat' dir='ltr'>li-</span> 
     </span>
    </p>

    <p class='ocr_par' dir='ltr' id='par_1_6' title="bbox 177 366 1139 412">
     <span class='ocr_line' id='line_1_6' title="bbox 177 366 1139 412; baseline -0.002 -7"><span class='ocrx_word' id='word_1_34' title='bbox 177 372 268 405; x_wconf 77' lang='lat' dir='ltr'>citus</span> <span class='ocrx_word' id='word_1_35' title='bbox 284 381 298 412; x_wconf 89' lang='lat'>;</span> <span class='ocrx_word' id='word_1_36' title='bbox 312 370 346 403; x_wconf 76' lang='grc' dir='ltr'>δι</span> <span class='ocrx_word' id='word_1_37' title='bbox 363 369 396 402; x_wconf 76' lang='lat' dir='ltr'>iti</span> <span class='ocrx_word' id='word_1_38' title='bbox 412 367 463 401; x_wconf 87' lang='lat' dir='ltr'>his</span> <span class='ocrx_word' id='word_1_39' title='bbox 484 366 628 402; x_wconf 88' lang='lat' dir='ltr'>terminis</span> <span class='ocrx_word' id='word_1_40' title='bbox 645 367 837 412; x_wconf 83' lang='lat' dir='ltr'>loquuntur</span> <span class='ocrx_word' id='word_1_41' title='bbox 855 368 948 401; x_wconf 65' lang='lat' dir='ltr'>Dan.</span> <span class='ocrx_word' id='word_1_42' title='bbox 969 371 1065 402; x_wconf 63' lang='lat' dir='ltr'>citati</span> <span class='ocrx_word' id='word_1_43' title='bbox 1086 382 1139 403; x_wconf 85' lang='lat' dir='ltr'>nu.</span> 
     </span>
    </p>

    <p class='ocr_par' dir='ltr' id='par_1_7' title="bbox 106 414 1138 1374">
     <span class='ocr_line' id='line_1_7' title="bbox 171 414 1137 465; baseline -0.001 -14"><span class='ocrx_word' id='word_1_44' title='bbox 171 415 312 465; x_wconf 77' lang='lat' dir='ltr'>praeced.</span> <span class='ocrx_word' id='word_1_45' title='bbox 337 414 434 454; x_wconf 60' lang='lat' dir='ltr'>ficus</span> <span class='ocrx_word' id='word_1_46' title='bbox 464 415 604 463; x_wconf 89' lang='lat' dir='ltr'>quando</span> <span class='ocrx_word' id='word_1_47' title='bbox 630 414 791 459; x_wconf 80' lang='lat' dir='ltr'>Princeps</span> <span class='ocrx_word' id='word_1_48' title='bbox 811 426 876 448; x_wconf 90' lang='lat' dir='ltr'>non</span> <span class='ocrx_word' id='word_1_49' title='bbox 906 415 1026 450; x_wconf 83' lang='lat' dir='ltr'>tolerat</span> <span class='ocrx_word' id='word_1_50' title='bbox 1045 415 1137 450; x_wconf 86' lang='lat' dir='ltr'>illum</span> 
     </span>
     <span class='ocr_line' id='line_1_8' title="bbox 106 461 1138 510; baseline 0.006 -17"><span class='ocrx_word' id='word_1_51' title='bbox 106 489 120 493; x_wconf 77' lang='grc'><strong><em>,</em></strong></span> <span class='ocrx_word' id='word_1_52' title='bbox 174 463 279 506; x_wconf 81' lang='lat' dir='ltr'>usum,</span> <span class='ocrx_word' id='word_1_53' title='bbox 294 464 351 498; x_wconf 85' lang='lat' dir='ltr'>sed</span> <span class='ocrx_word' id='word_1_54' title='bbox 368 464 467 510; x_wconf 83' lang='lat' dir='ltr'>punit</span> <span class='ocrx_word' id='word_1_55' title='bbox 487 474 548 498; x_wconf 91' lang='lat' dir='ltr'>eos</span> <span class='ocrx_word' id='word_1_56' title='bbox 563 489 573 502; x_wconf 83' lang='lat'>,</span> <span class='ocrx_word' id='word_1_57' title='bbox 587 462 647 508; x_wconf 89' lang='lat' dir='ltr'>qui</span> <span class='ocrx_word' id='word_1_58' title='bbox 667 461 861 508; x_wconf 86' lang='lat' dir='ltr'>expendunt</span> <span class='ocrx_word' id='word_1_59' title='bbox 875 488 885 503; x_wconf 91' lang='lat'>,</span> <span class='ocrx_word' id='word_1_60' title='bbox 902 465 954 496; x_wconf 92' lang='lat' dir='ltr'>vel</span> <span class='ocrx_word' id='word_1_61' title='bbox 970 465 1138 510; x_wconf 83' lang='lat' dir='ltr'>recipiunt</span> 
     </span>
     <span class='ocr_line' id='line_1_9' title="bbox 174 510 1136 558; baseline -0.001 -11"><span class='ocrx_word' id='word_1_62' title='bbox 174 523 342 547; x_wconf 85' lang='lat' dir='ltr'>monetam</span> <span class='ocrx_word' id='word_1_63' title='bbox 363 522 425 558; x_wconf 85' lang='lat' dir='ltr'>pro</span> <span class='ocrx_word' id='word_1_64' title='bbox 443 510 563 557; x_wconf 85' lang='lat' dir='ltr'>majori</span> <span class='ocrx_word' id='word_1_65' title='bbox 583 512 694 557; x_wconf 85' lang='lat' dir='ltr'>pretio</span> <span class='ocrx_word' id='word_1_66' title='bbox 716 519 834 543; x_wconf 88' lang='lat' dir='ltr'>contra</span> <span class='ocrx_word' id='word_1_67' title='bbox 849 510 942 545; x_wconf 86' lang='lat' dir='ltr'>suurn</span> <span class='ocrx_word' id='word_1_68' title='bbox 963 512 1136 555; x_wconf 64' lang='lat' dir='ltr'>ediehtrn3</span> 
     </span>
     <span class='ocr_line' id='line_1_10' title="bbox 173 557 1135 605; baseline 0.002 -12"><span class='ocrx_word' id='word_1_69' title='bbox 173 560 253 605; x_wconf 85' lang='lat' dir='ltr'>quia</span> <span class='ocrx_word' id='word_1_70' title='bbox 275 570 360 596; x_wconf 91' lang='lat' dir='ltr'>tunc</span> <span class='ocrx_word' id='word_1_71' title='bbox 381 559 521 594; x_wconf 89' lang='lat' dir='ltr'>omnino</span> <span class='ocrx_word' id='word_1_72' title='bbox 544 557 697 592; x_wconf 87' lang='lat' dir='ltr'>standum</span> <span class='ocrx_word' id='word_1_73' title='bbox 713 558 759 592; x_wconf 86' lang='lat' dir='ltr'>est</span> <span class='ocrx_word' id='word_1_74' title='bbox 779 557 889 603; x_wconf 87' lang='lat' dir='ltr'>pretio</span> <span class='ocrx_word' id='word_1_75' title='bbox 908 584 918 599; x_wconf 88' lang='lat'>,</span> <span class='ocrx_word' id='word_1_76' title='bbox 941 558 1100 605; x_wconf 83' lang='lat' dir='ltr'>impolito</span> <span class='ocrx_word' id='word_1_77' title='bbox 1116 560 1135 595; x_wconf 80' lang='grc' dir='ltr'>ἐι</span> 
     </span>
     <span class='ocr_line' id='line_1_11' title="bbox 173 604 1135 655; baseline 0 -13"><span class='ocrx_word' id='word_1_78' title='bbox 173 604 332 655; x_wconf 82' lang='lat' dir='ltr'>Principe</span> <span class='ocrx_word' id='word_1_79' title='bbox 347 634 357 650; x_wconf 86' lang='lat'>,</span> <span class='ocrx_word' id='word_1_80' title='bbox 383 617 448 641; x_wconf 86' lang='lat' dir='ltr'>nec</span> <span class='ocrx_word' id='word_1_81' title='bbox 465 605 586 641; x_wconf 86' lang='lat' dir='ltr'>sufficit</span> <span class='ocrx_word' id='word_1_82' title='bbox 610 605 755 652; x_wconf 81' lang='lat' dir='ltr'>allegare</span> <span class='ocrx_word' id='word_1_83' title='bbox 771 631 780 645; x_wconf 93' lang='lat'>,</span> <span class='ocrx_word' id='word_1_84' title='bbox 800 606 899 651; x_wconf 78' lang='lat' dir='ltr'>quod</span> <span class='ocrx_word' id='word_1_85' title='bbox 920 607 1044 655; x_wconf 85' lang='lat' dir='ltr'>aliquae</span> <span class='ocrx_word' id='word_1_86' title='bbox 1063 621 1135 643; x_wconf 85' lang='lat' dir='ltr'>rno-</span> 
     </span>
     <span class='ocr_line' id='line_1_12' title="bbox 171 654 1134 702; baseline -0.002 -10"><span class='ocrx_word' id='word_1_87' title='bbox 171 665 262 692; x_wconf 86' lang='lat' dir='ltr'>netae</span> <span class='ocrx_word' id='word_1_88' title='bbox 285 654 512 692; x_wconf 82' lang='lat' dir='ltr'>communiter</span> <span class='ocrx_word' id='word_1_89' title='bbox 531 654 618 689; x_wconf 89' lang='lat' dir='ltr'>inter</span> <span class='ocrx_word' id='word_1_90' title='bbox 640 665 758 687; x_wconf 81' lang='lat' dir='ltr'>omnes</span> <span class='ocrx_word' id='word_1_91' title='bbox 777 665 983 689; x_wconf 81' lang='lat' dir='ltr'>mercatores</span> <span class='ocrx_word' id='word_1_92' title='bbox 996 681 1005 695; x_wconf 94' lang='lat'>,</span> <span class='ocrx_word' id='word_1_93' title='bbox 1028 668 1134 702; x_wconf 82' lang='lat' dir='ltr'>nego-</span> 
     </span>
     <span class='ocr_line' id='line_1_13' title="bbox 170 701 1133 748; baseline -0.001 -9"><span class='ocrx_word' id='word_1_94' title='bbox 170 704 334 745; x_wconf 76' lang='lat' dir='ltr'>tiatores,</span> <span class='ocrx_word' id='word_1_95' title='bbox 354 701 499 739; x_wconf 88' lang='lat' dir='ltr'>artifices</span> <span class='ocrx_word' id='word_1_96' title='bbox 513 729 522 743; x_wconf 88' lang='lat'>,</span> <span class='ocrx_word' id='word_1_97' title='bbox 536 703 668 737; x_wconf 81' lang='lat' dir='ltr'>nobiles</span> <span class='ocrx_word' id='word_1_98' title='bbox 682 729 691 742; x_wconf 96' lang='lat'>‚</span> <span class='ocrx_word' id='word_1_99' title='bbox 708 702 876 748; x_wconf 84' lang='lat' dir='ltr'>ignobiles</span> <span class='ocrx_word' id='word_1_100' title='bbox 889 727 899 743; x_wconf 94' lang='lat'>,</span> <span class='ocrx_word' id='word_1_101' title='bbox 918 703 952 736; x_wconf 74' lang='grc' dir='ltr'>δε</span> <span class='ocrx_word' id='word_1_102' title='bbox 965 703 1066 748; x_wconf 82' lang='lat' dir='ltr'>ipfius</span> <span class='ocrx_word' id='word_1_103' title='bbox 1082 705 1133 748; x_wconf 89' lang='lat' dir='ltr'>ju-</span> 
     </span>
     <span class='ocr_line' id='line_1_14' title="bbox 169 749 1133 799; baseline -0.002 -12"><span class='ocrx_word' id='word_1_104' title='bbox 169 752 271 787; x_wconf 76' lang='lat' dir='ltr'>siitiae</span> <span class='ocrx_word' id='word_1_105' title='bbox 283 751 447 786; x_wconf 79' lang='lat' dir='ltr'>ministros</span> <span class='ocrx_word' id='word_1_106' title='bbox 458 749 687 796; x_wconf 86' lang='lat' dir='ltr'>expendantur</span> <span class='ocrx_word' id='word_1_107' title='bbox 699 761 760 795; x_wconf 91' lang='lat' dir='ltr'>pro</span> <span class='ocrx_word' id='word_1_108' title='bbox 777 750 894 796; x_wconf 84' lang='lat' dir='ltr'>maj0ri</span> <span class='ocrx_word' id='word_1_109' title='bbox 907 751 1016 796; x_wconf 86' lang='lat' dir='ltr'>pretio</span> <span class='ocrx_word' id='word_1_110' title='bbox 1028 764 1039 794; x_wconf 88' lang='lat'>;</span> <span class='ocrx_word' id='word_1_111' title='bbox 1052 764 1133 799; x_wconf 82' lang='lat' dir='ltr'>quia</span> 
     </span>
     <span class='ocr_line' id='line_1_15' title="bbox 168 797 1132 843; baseline -0.002 -9"><span class='ocrx_word' id='word_1_112' title='bbox 168 800 307 834; x_wconf 74' lang='lat' dir='ltr'>istorum</span> <span class='ocrx_word' id='word_1_113' title='bbox 325 799 474 834; x_wconf 86' lang='lat' dir='ltr'>omnium</span> <span class='ocrx_word' id='word_1_114' title='bbox 494 798 570 833; x_wconf 76' lang='lat' dir='ltr'>usus</span> <span class='ocrx_word' id='word_1_115' title='bbox 587 798 732 832; x_wconf 87' lang='lat' dir='ltr'>habetur</span> <span class='ocrx_word' id='word_1_116' title='bbox 742 810 803 843; x_wconf 92' lang='lat' dir='ltr'>pro</span> <span class='ocrx_word' id='word_1_117' title='bbox 816 797 918 832; x_wconf 88' lang='lat' dir='ltr'>abusu</span> <span class='ocrx_word' id='word_1_118' title='bbox 931 824 941 837; x_wconf 80' lang='lat'>,</span> <span class='ocrx_word' id='word_1_119' title='bbox 956 799 1035 832; x_wconf 89' lang='lat' dir='ltr'>dum</span> <span class='ocrx_word' id='word_1_120' title='bbox 1053 812 1132 834; x_wconf 89' lang='lat' dir='ltr'>con-</span> 
     </span>
     <span class='ocr_line' id='line_1_16' title="bbox 168 845 1130 892; baseline -0.001 -10"><span class='ocrx_word' id='word_1_121' title='bbox 168 848 342 888; x_wconf 79' lang='lat' dir='ltr'>cedimus,</span> <span class='ocrx_word' id='word_1_122' title='bbox 367 847 401 881; x_wconf 87' lang='lat'>&amp;</span> <span class='ocrx_word' id='word_1_123' title='bbox 421 846 531 881; x_wconf 82' lang='lat' dir='ltr'>sumus</span> <span class='ocrx_word' id='word_1_124' title='bbox 557 847 641 880; x_wconf 85' lang='lat' dir='ltr'>certi</span> <span class='ocrx_word' id='word_1_125' title='bbox 661 872 671 887; x_wconf 91' lang='lat'>,</span> <span class='ocrx_word' id='word_1_126' title='bbox 695 845 793 892; x_wconf 76' lang='lat' dir='ltr'>quod</span> <span class='ocrx_word' id='word_1_127' title='bbox 814 845 1035 892; x_wconf 80' lang='lat' dir='ltr'>Magistratus</span> <span class='ocrx_word' id='word_1_128' title='bbox 1058 860 1130 881; x_wconf 88' lang='lat' dir='ltr'>mo-</span> 
     </span>
     <span class='ocr_line' id='line_1_17' title="bbox 167 894 1131 941; baseline 0 -12"><span class='ocrx_word' id='word_1_129' title='bbox 167 906 317 931; x_wconf 83' lang='lat' dir='ltr'>netarum</span> <span class='ocrx_word' id='word_1_130' title='bbox 340 894 437 941; x_wconf 85' lang='lat' dir='ltr'>punit</span> <span class='ocrx_word' id='word_1_131' title='bbox 461 905 738 941; x_wconf 85' lang='lat' dir='ltr'>quemcumque,</span> <span class='ocrx_word' id='word_1_132' title='bbox 767 906 866 941; x_wconf 91' lang='lat' dir='ltr'>quem</span> <span class='ocrx_word' id='word_1_133' title='bbox 897 895 1131 941; x_wconf 84' lang='lat' dir='ltr'>deprehende-</span> 
     </span>
     <span class='ocr_line' id='line_1_18' title="bbox 166 941 1131 991; baseline 0.001 -14"><span class='ocrx_word' id='word_1_134' title='bbox 166 954 218 978; x_wconf 78' lang='lat' dir='ltr'>ret</span> <span class='ocrx_word' id='word_1_135' title='bbox 240 943 274 977; x_wconf 90' lang='lat' dir='ltr'>in</span> <span class='ocrx_word' id='word_1_136' title='bbox 296 943 355 976; x_wconf 77' lang='lat' dir='ltr'>ista</span> <span class='ocrx_word' id='word_1_137' title='bbox 367 941 651 979; x_wconf 87' lang='lat' dir='ltr'>contraventione</span> <span class='ocrx_word' id='word_1_138' title='bbox 667 954 680 984; x_wconf 77' lang='lat'>3</span> <span class='ocrx_word' id='word_1_139' title='bbox 699 941 745 975; x_wconf 85' lang='lat' dir='ltr'>est</span> <span class='ocrx_word' id='word_1_140' title='bbox 764 954 873 977; x_wconf 87' lang='lat' dir='ltr'>tamen</span> <span class='ocrx_word' id='word_1_141' title='bbox 890 953 1018 984; x_wconf 83' lang='lat' dir='ltr'>verum,</span> <span class='ocrx_word' id='word_1_142' title='bbox 1033 945 1131 991; x_wconf 84' lang='lat' dir='ltr'>quod</span> 
     </span>
     <span class='ocr_line' id='line_1_19' title="bbox 165 989 1128 1038; baseline 0.001 -13"><span class='ocrx_word' id='word_1_143' title='bbox 165 990 227 1025; x_wconf 87' lang='lat' dir='ltr'>iste</span> <span class='ocrx_word' id='word_1_144' title='bbox 236 990 432 1026; x_wconf 71' lang='lat' dir='ltr'>eommunis</span> <span class='ocrx_word' id='word_1_145' title='bbox 453 990 542 1031; x_wconf 80' lang='lat' dir='ltr'>usus,</span> <span class='ocrx_word' id='word_1_146' title='bbox 562 989 616 1024; x_wconf 89' lang='lat' dir='ltr'>seu</span> <span class='ocrx_word' id='word_1_147' title='bbox 631 989 750 1023; x_wconf 86' lang='lat' dir='ltr'>abusus</span> <span class='ocrx_word' id='word_1_148' title='bbox 766 1017 775 1031; x_wconf 88' lang='lat'>‚</span> <span class='ocrx_word' id='word_1_149' title='bbox 793 991 854 1038; x_wconf 88' lang='lat' dir='ltr'>qui</span> <span class='ocrx_word' id='word_1_150' title='bbox 869 989 950 1025; x_wconf 91' lang='lat' dir='ltr'>esset</span> <span class='ocrx_word' id='word_1_151' title='bbox 968 991 1105 1027; x_wconf 82' lang='lat' dir='ltr'>illicitus</span> <span class='ocrx_word' id='word_1_152' title='bbox 1118 1019 1128 1033; x_wconf 92' lang='lat'>,</span> 
     </span>
     <span class='ocr_line' id='line_1_20' title="bbox 167 1037 1129 1086; baseline 0.001 -13"><span class='ocrx_word' id='word_1_153' title='bbox 167 1040 202 1073; x_wconf 77' lang='grc' dir='ltr'>δε</span> <span class='ocrx_word' id='word_1_154' title='bbox 225 1040 402 1086; x_wconf 86' lang='lat' dir='ltr'>puniretur</span> <span class='ocrx_word' id='word_1_155' title='bbox 431 1038 461 1073; x_wconf 92' lang='lat' dir='ltr'>in</span> <span class='ocrx_word' id='word_1_156' title='bbox 491 1037 568 1072; x_wconf 87' lang='lat' dir='ltr'>foro</span> <span class='ocrx_word' id='word_1_157' title='bbox 597 1037 774 1078; x_wconf 82' lang='lat' dir='ltr'>exteriori,</span> <span class='ocrx_word' id='word_1_158' title='bbox 800 1049 870 1073; x_wconf 88' lang='lat' dir='ltr'>non</span> <span class='ocrx_word' id='word_1_159' title='bbox 892 1039 1066 1084; x_wconf 88' lang='lat' dir='ltr'>puniretur</span> <span class='ocrx_word' id='word_1_160' title='bbox 1096 1040 1129 1075; x_wconf 91' lang='lat' dir='ltr'>in</span> 
     </span>
     <span class='ocr_line' id='line_1_21' title="bbox 166 1085 1130 1133; baseline 0.003 -13"><span class='ocrx_word' id='word_1_161' title='bbox 166 1085 247 1122; x_wconf 81' lang='lat' dir='ltr'>foro</span> <span class='ocrx_word' id='word_1_162' title='bbox 271 1086 423 1121; x_wconf 87' lang='lat' dir='ltr'>interiori</span> <span class='ocrx_word' id='word_1_163' title='bbox 450 1085 567 1133; x_wconf 86' lang='lat' dir='ltr'>quoad</span> <span class='ocrx_word' id='word_1_164' title='bbox 592 1097 651 1119; x_wconf 89' lang='lat' dir='ltr'>eos</span> <span class='ocrx_word' id='word_1_165' title='bbox 669 1112 678 1126; x_wconf 94' lang='lat'>,</span> <span class='ocrx_word' id='word_1_166' title='bbox 701 1086 761 1133; x_wconf 87' lang='lat' dir='ltr'>qui</span> <span class='ocrx_word' id='word_1_167' title='bbox 787 1086 879 1120; x_wconf 90' lang='lat' dir='ltr'>hunc</span> <span class='ocrx_word' id='word_1_168' title='bbox 895 1086 1031 1121; x_wconf 87' lang='lat' dir='ltr'>abusum</span> <span class='ocrx_word' id='word_1_169' title='bbox 1061 1101 1130 1123; x_wconf 90' lang='lat' dir='ltr'>non</span> 
     </span>
     <span class='ocr_line' id='line_1_22' title="bbox 164 1133 1127 1180; baseline 0.003 -12"><span class='ocrx_word' id='word_1_170' title='bbox 164 1134 452 1175; x_wconf 84' lang='lat' dir='ltr'>introduxerunt,</span> <span class='ocrx_word' id='word_1_171' title='bbox 476 1135 509 1169; x_wconf 68' lang='grc' dir='ltr'>ὃς</span> <span class='ocrx_word' id='word_1_172' title='bbox 531 1133 622 1167; x_wconf 90' lang='lat' dir='ltr'>illum</span> <span class='ocrx_word' id='word_1_173' title='bbox 650 1133 839 1180; x_wconf 82' lang='lat' dir='ltr'>sequuntur</span> <span class='ocrx_word' id='word_1_174' title='bbox 862 1135 904 1169; x_wconf 89' lang='lat' dir='ltr'>ad</span> <span class='ocrx_word' id='word_1_175' title='bbox 932 1135 1127 1171; x_wconf 84' lang='lat' dir='ltr'>evitandum</span> 
     </span>
     <span class='ocr_line' id='line_1_23' title="bbox 164 1181 1124 1230; baseline 0.001 -13"><span class='ocrx_word' id='word_1_176' title='bbox 164 1182 322 1217; x_wconf 80' lang='lat' dir='ltr'>damnum</span> <span class='ocrx_word' id='word_1_177' title='bbox 339 1195 352 1226; x_wconf 87' lang='lat'>;</span> <span class='ocrx_word' id='word_1_178' title='bbox 367 1182 527 1230; x_wconf 86' lang='lat' dir='ltr'>quaedam</span> <span class='ocrx_word' id='word_1_179' title='bbox 552 1181 637 1216; x_wconf 88' lang='lat' dir='ltr'>enim</span> <span class='ocrx_word' id='word_1_180' title='bbox 661 1183 735 1216; x_wconf 90' lang='lat' dir='ltr'>sunt</span> <span class='ocrx_word' id='word_1_181' title='bbox 750 1209 759 1222; x_wconf 89' lang='lat'>,</span> <span class='ocrx_word' id='word_1_182' title='bbox 781 1193 863 1229; x_wconf 81' lang='lat' dir='ltr'>quae</span> <span class='ocrx_word' id='word_1_183' title='bbox 888 1183 1074 1229; x_wconf 89' lang='lat' dir='ltr'>puniuntur</span> <span class='ocrx_word' id='word_1_184' title='bbox 1092 1185 1124 1218; x_wconf 91' lang='lat' dir='ltr'>in</span> 
     </span>
     <span class='ocr_line' id='line_1_24' title="bbox 163 1228 1126 1277; baseline 0.001 -12"><span class='ocrx_word' id='word_1_185' title='bbox 163 1228 242 1265; x_wconf 81' lang='lat' dir='ltr'>soro</span> <span class='ocrx_word' id='word_1_186' title='bbox 262 1229 328 1264; x_wconf 87' lang='lat' dir='ltr'>fori</span> <span class='ocrx_word' id='word_1_187' title='bbox 352 1257 362 1271; x_wconf 95' lang='lat'>,</span> <span class='ocrx_word' id='word_1_188' title='bbox 393 1232 426 1265; x_wconf 76' lang='grc' dir='ltr'>ὃ(</span> <span class='ocrx_word' id='word_1_189' title='bbox 449 1243 515 1265; x_wconf 91' lang='lat' dir='ltr'>non</span> <span class='ocrx_word' id='word_1_190' title='bbox 535 1231 568 1264; x_wconf 92' lang='lat' dir='ltr'>in</span> <span class='ocrx_word' id='word_1_191' title='bbox 592 1229 669 1265; x_wconf 83' lang='lat' dir='ltr'>foro</span> <span class='ocrx_word' id='word_1_192' title='bbox 693 1229 912 1266; x_wconf 86' lang='lat' dir='ltr'>conscientiae</span> <span class='ocrx_word' id='word_1_193' title='bbox 934 1257 943 1272; x_wconf 93' lang='lat'>,</span> <span class='ocrx_word' id='word_1_194' title='bbox 966 1232 1061 1277; x_wconf 82' lang='lat' dir='ltr'>juxta</span> <span class='ocrx_word' id='word_1_195' title='bbox 1087 1245 1126 1266; x_wconf 88' lang='lat' dir='ltr'>ea</span> 
     </span>
     <span class='ocr_line' id='line_1_25' title="bbox 163 1278 1124 1327; baseline 0.003 -15"><span class='ocrx_word' id='word_1_196' title='bbox 163 1289 246 1325; x_wconf 78' lang='lat' dir='ltr'>quae</span> <span class='ocrx_word' id='word_1_197' title='bbox 269 1278 379 1324; x_wconf 78' lang='lat' dir='ltr'>scripsi</span> <span class='ocrx_word' id='word_1_198' title='bbox 403 1281 435 1325; x_wconf 64' lang='grc' dir='ltr'>ξ.</span> <span class='ocrx_word' id='word_1_199' title='bbox 450 1278 588 1326; x_wconf 79' lang='lat' dir='ltr'>praeced.</span> <span class='ocrx_word' id='word_1_200' title='bbox 606 1289 671 1324; x_wconf 75' lang='lat' dir='ltr'>q-7.</span> <span class='ocrx_word' id='word_1_201' title='bbox 687 1290 800 1324; x_wconf 66' lang='lat' dir='ltr'>pane.</span> <span class='ocrx_word' id='word_1_202' title='bbox 814 1279 980 1327; x_wconf 89' lang='lat' dir='ltr'>ampl.i9.</span> <span class='ocrx_word' id='word_1_203' title='bbox 996 1292 1027 1314; x_wconf 90' lang='lat' dir='ltr'>n.</span> <span class='ocrx_word' id='word_1_204' title='bbox 1044 1294 1074 1315; x_wconf 83' lang='lat'>2.</span> <span class='ocrx_word' id='word_1_205' title='bbox 1091 1282 1124 1315; x_wconf 73' lang='grc' dir='ltr'>ὅ(</span> 
     </span>
     <span class='ocr_line' id='line_1_26' title="bbox 161 1325 730 1374; baseline 0 -14"><span class='ocrx_word' id='word_1_206' title='bbox 161 1325 260 1362; x_wconf 81' lang='lat' dir='ltr'>latius</span> <span class='ocrx_word' id='word_1_207' title='bbox 279 1328 440 1374; x_wconf 67' lang='lat' dir='ltr'>amphio.</span> <span class='ocrx_word' id='word_1_208' title='bbox 458 1339 489 1360; x_wconf 88' lang='lat' dir='ltr'>n.</span> <span class='ocrx_word' id='word_1_209' title='bbox 508 1339 565 1368; x_wconf 84' lang='lat'>4¹·</span> <span class='ocrx_word' id='word_1_210' title='bbox 588 1326 623 1362; x_wconf 64' lang='grc' dir='ltr'>(ν’</span> <span class='ocrx_word' id='word_1_211' title='bbox 636 1327 730 1373; x_wconf 79' lang='lat' dir='ltr'>seqq.</span> 
     </span>
    </p>

    <p class='ocr_par' dir='ltr' id='par_1_8' title="bbox 146 1374 1123 2238">
     <span class='ocr_line' id='line_1_27' title="bbox 209 1374 1123 1424; baseline 0.003 -15"><span class='ocrx_word' id='word_1_212' title='bbox 209 1375 414 1424; x_wconf 86' lang='lat' dir='ltr'>Subdeclara</span> <span class='ocrx_word' id='word_1_213' title='bbox 433 1374 603 1415; x_wconf 82' lang='lat' dir='ltr'>secundo,</span> <span class='ocrx_word' id='word_1_214' title='bbox 622 1375 801 1409; x_wconf 76' lang='lat' dir='ltr'>occafione</span> <span class='ocrx_word' id='word_1_215' title='bbox 822 1375 925 1420; x_wconf 77' lang='lat' dir='ltr'>hujus</span> <span class='ocrx_word' id='word_1_216' title='bbox 941 1377 1068 1422; x_wconf 82' lang='lat' dir='ltr'>primae,</span> <span class='ocrx_word' id='word_1_217' title='bbox 1086 1388 1123 1412; x_wconf 90' lang='lat' dir='ltr'>ut</span> 
     </span>
     <span class='ocr_line' id='line_1_28' title="bbox 160 1422 1120 1470; baseline 0.001 -13"><span class='ocrx_word' id='word_1_218' title='bbox 160 1423 300 1470; x_wconf 86' lang='lat' dir='ltr'>quando</span> <span class='ocrx_word' id='word_1_219' title='bbox 326 1432 461 1457; x_wconf 88' lang='lat' dir='ltr'>moneta</span> <span class='ocrx_word' id='word_1_220' title='bbox 486 1423 586 1457; x_wconf 86' lang='lat' dir='ltr'>habet</span> <span class='ocrx_word' id='word_1_221' title='bbox 609 1422 775 1457; x_wconf 87' lang='lat' dir='ltr'>diversum</span> <span class='ocrx_word' id='word_1_222' title='bbox 800 1425 946 1458; x_wconf 88' lang='lat' dir='ltr'>valorem</span> <span class='ocrx_word' id='word_1_223' title='bbox 962 1426 994 1457; x_wconf 91' lang='lat' dir='ltr'>in</span> <span class='ocrx_word' id='word_1_224' title='bbox 1015 1426 1096 1459; x_wconf 91' lang='lat' dir='ltr'>loco</span> <span class='ocrx_word' id='word_1_225' title='bbox 1111 1452 1120 1467; x_wconf 97' lang='lat'>,</span> 
     </span>
     <span class='ocr_line' id='line_1_29' title="bbox 159 1470 1119 1518; baseline 0.001 -13"><span class='ocrx_word' id='word_1_226' title='bbox 159 1482 234 1518; x_wconf 88' lang='lat' dir='ltr'>quo</span> <span class='ocrx_word' id='word_1_227' title='bbox 254 1470 465 1505; x_wconf 84' lang='lat' dir='ltr'>contrahitur</span> <span class='ocrx_word' id='word_1_228' title='bbox 485 1471 636 1505; x_wconf 89' lang='lat' dir='ltr'>debitum</span> <span class='ocrx_word' id='word_1_229' title='bbox 652 1497 661 1511; x_wconf 92' lang='lat'>,</span> <span class='ocrx_word' id='word_1_230' title='bbox 685 1471 705 1504; x_wconf 77' lang='lat' dir='ltr'>a</span> <span class='ocrx_word' id='word_1_231' title='bbox 726 1471 806 1505; x_wconf 90' lang='lat' dir='ltr'>loco</span> <span class='ocrx_word' id='word_1_232' title='bbox 829 1497 838 1511; x_wconf 97' lang='lat'>,</span> <span class='ocrx_word' id='word_1_233' title='bbox 863 1471 894 1504; x_wconf 87' lang='lat' dir='ltr'>in</span> <span class='ocrx_word' id='word_1_234' title='bbox 916 1483 989 1518; x_wconf 88' lang='lat' dir='ltr'>quo</span> <span class='ocrx_word' id='word_1_235' title='bbox 1009 1474 1119 1506; x_wconf 87' lang='lat' dir='ltr'>credi-</span> 
     </span>
     <span class='ocr_line' id='line_1_30' title="bbox 159 1518 1121 1567; baseline 0.001 -14"><span class='ocrx_word' id='word_1_236' title='bbox 159 1529 215 1554; x_wconf 91' lang='lat' dir='ltr'>tor</span> <span class='ocrx_word' id='word_1_237' title='bbox 240 1518 342 1553; x_wconf 89' lang='lat' dir='ltr'>debet</span> <span class='ocrx_word' id='word_1_238' title='bbox 365 1518 514 1565; x_wconf 82' lang='lat' dir='ltr'>recipere</span> <span class='ocrx_word' id='word_1_239' title='bbox 535 1518 734 1553; x_wconf 84' lang='lat' dir='ltr'>solutionem</span> <span class='ocrx_word' id='word_1_240' title='bbox 757 1546 767 1560; x_wconf 92' lang='lat'><strong>‚</strong></span> <span class='ocrx_word' id='word_1_241' title='bbox 792 1519 970 1567; x_wconf 63' lang='lat' dir='ltr'>loquendo</span> <span class='ocrx_word' id='word_1_242' title='bbox 996 1521 1039 1554; x_wconf 88' lang='lat' dir='ltr'>de</span> <span class='ocrx_word' id='word_1_243' title='bbox 1070 1533 1121 1554; x_wconf 92' lang='lat' dir='ltr'>re-</span> 
     </span>
     <span class='ocr_line' id='line_1_31' title="bbox 157 1565 1119 1614; baseline 0.001 -13"><span class='ocrx_word' id='word_1_244' title='bbox 157 1565 346 1601; x_wconf 83' lang='lat' dir='ltr'>servatione</span> <span class='ocrx_word' id='word_1_245' title='bbox 371 1566 563 1612; x_wconf 77' lang='lat' dir='ltr'>pensionis3</span> <span class='ocrx_word' id='word_1_246' title='bbox 589 1578 625 1601; x_wconf 89' lang='lat' dir='ltr'>ut</span> <span class='ocrx_word' id='word_1_247' title='bbox 643 1577 723 1610; x_wconf 83' lang='lat' dir='ltr'>puta</span> <span class='ocrx_word' id='word_1_248' title='bbox 738 1594 747 1607; x_wconf 85' lang='grc'>,</span> <span class='ocrx_word' id='word_1_249' title='bbox 769 1567 848 1614; x_wconf 78' lang='lat' dir='ltr'>quia</span> <span class='ocrx_word' id='word_1_250' title='bbox 870 1567 902 1600; x_wconf 91' lang='lat' dir='ltr'>in</span> <span class='ocrx_word' id='word_1_251' title='bbox 924 1570 1017 1602; x_wconf 86' lang='lat' dir='ltr'>curia</span> <span class='ocrx_word' id='word_1_252' title='bbox 1037 1570 1119 1602; x_wconf 77' lang='lat' dir='ltr'>San-</span> 
     </span>
     <span class='ocr_line' id='line_1_32' title="bbox 158 1613 1117 1661; baseline 0.002 -13"><span class='ocrx_word' id='word_1_253' title='bbox 158 1614 240 1650; x_wconf 71' lang='lat' dir='ltr'>stiss.</span> <span class='ocrx_word' id='word_1_254' title='bbox 264 1616 311 1652; x_wconf 93' lang='lat' dir='ltr'>D.</span> <span class='ocrx_word' id='word_1_255' title='bbox 336 1613 384 1649; x_wconf 85' lang='lat' dir='ltr'>N.</span> <span class='ocrx_word' id='word_1_256' title='bbox 404 1614 506 1661; x_wconf 82' lang='lat' dir='ltr'>Papa:</span> <span class='ocrx_word' id='word_1_257' title='bbox 533 1614 571 1649; x_wconf 86' lang='lat' dir='ltr'>sit</span> <span class='ocrx_word' id='word_1_258' title='bbox 598 1614 760 1648; x_wconf 85' lang='lat' dir='ltr'>reservata</span> <span class='ocrx_word' id='word_1_259' title='bbox 783 1615 895 1660; x_wconf 80' lang='lat' dir='ltr'>pensio</span> <span class='ocrx_word' id='word_1_260' title='bbox 915 1615 1117 1652; x_wconf 80' lang='lat' dir='ltr'>ducatorum</span> 
     </span>
     <span class='ocr_line' id='line_1_33' title="bbox 157 1662 1116 1709; baseline 0.002 -12"><span class='ocrx_word' id='word_1_261' title='bbox 157 1663 247 1698; x_wconf 88' lang='lat' dir='ltr'>mille</span> <span class='ocrx_word' id='word_1_262' title='bbox 271 1663 342 1697; x_wconf 89' lang='lat' dir='ltr'>auri</span> <span class='ocrx_word' id='word_1_263' title='bbox 363 1662 396 1696; x_wconf 90' lang='lat' dir='ltr'>in</span> <span class='ocrx_word' id='word_1_264' title='bbox 419 1674 502 1697; x_wconf 89' lang='lat' dir='ltr'>auro</span> <span class='ocrx_word' id='word_1_265' title='bbox 519 1689 529 1703; x_wconf 94' lang='lat'>,</span> <span class='ocrx_word' id='word_1_266' title='bbox 554 1663 587 1696; x_wconf 74' lang='grc' dir='ltr'>δε</span> <span class='ocrx_word' id='word_1_267' title='bbox 610 1663 756 1697; x_wconf 79' lang='lat' dir='ltr'>ducatus</span> <span class='ocrx_word' id='word_1_268' title='bbox 775 1663 844 1698; x_wconf 90' lang='lat' dir='ltr'>auri</span> <span class='ocrx_word' id='word_1_269' title='bbox 871 1663 903 1696; x_wconf 89' lang='lat' dir='ltr'>in</span> <span class='ocrx_word' id='word_1_270' title='bbox 927 1663 1087 1709; x_wconf 77' lang='lat' dir='ltr'>Hispania</span> <span class='ocrx_word' id='word_1_271' title='bbox 1107 1691 1116 1706; x_wconf 92' lang='lat'>,</span> 
     </span>
     <span class='ocr_line' id='line_1_34' title="bbox 157 1710 1116 1757; baseline 0.002 -13"><span class='ocrx_word' id='word_1_272' title='bbox 157 1711 217 1745; x_wconf 86' lang='lat' dir='ltr'>ubi</span> <span class='ocrx_word' id='word_1_273' title='bbox 232 1711 270 1746; x_wconf 83' lang='lat' dir='ltr'>fit</span> <span class='ocrx_word' id='word_1_274' title='bbox 292 1710 417 1746; x_wconf 87' lang='lat' dir='ltr'>solutio</span> <span class='ocrx_word' id='word_1_275' title='bbox 430 1737 440 1751; x_wconf 94' lang='lat'>,</span> <span class='ocrx_word' id='word_1_276' title='bbox 466 1711 573 1745; x_wconf 82' lang='lat' dir='ltr'>valeat</span> <span class='ocrx_word' id='word_1_277' title='bbox 598 1724 609 1746; x_wconf 91' lang='lat' dir='ltr'>i</span> <span class='ocrx_word' id='word_1_278' title='bbox 624 1723 650 1745; x_wconf 89' lang='lat' dir='ltr'>i.</span> <span class='ocrx_word' id='word_1_279' title='bbox 669 1712 814 1757; x_wconf 78' lang='lat' dir='ltr'>regales,</span> <span class='ocrx_word' id='word_1_280' title='bbox 839 1712 872 1745; x_wconf 73' lang='grc' dir='ltr'>δε</span> <span class='ocrx_word' id='word_1_281' title='bbox 888 1711 920 1745; x_wconf 86' lang='lat' dir='ltr'>in</span> <span class='ocrx_word' id='word_1_282' title='bbox 940 1711 1043 1746; x_wconf 84' lang='lat' dir='ltr'>Curia</span> <span class='ocrx_word' id='word_1_283' title='bbox 1062 1725 1116 1746; x_wconf 87' lang='lat' dir='ltr'>va-</span> 
     </span>
     <span class='ocr_line' id='line_1_35' title="bbox 156 1758 1120 1806; baseline 0.002 -14"><span class='ocrx_word' id='word_1_284' title='bbox 156 1758 224 1794; x_wconf 83' lang='lat' dir='ltr'>leat</span> <span class='ocrx_word' id='word_1_285' title='bbox 248 1771 300 1793; x_wconf 72' lang='grc' dir='ltr'>ιι.</span> <span class='ocrx_word' id='word_1_286' title='bbox 325 1769 407 1793; x_wconf 87' lang='lat' dir='ltr'>tunc</span> <span class='ocrx_word' id='word_1_287' title='bbox 427 1759 550 1806; x_wconf 90' lang='lat' dir='ltr'>utique</span> <span class='ocrx_word' id='word_1_288' title='bbox 564 1758 763 1794; x_wconf 83' lang='lat' dir='ltr'>attendatur</span> <span class='ocrx_word' id='word_1_289' title='bbox 779 1759 872 1794; x_wconf 89' lang='lat' dir='ltr'>valor</span> <span class='ocrx_word' id='word_1_290' title='bbox 897 1759 1035 1800; x_wconf 79' lang='lat' dir='ltr'>Curiae,</span> <span class='ocrx_word' id='word_1_291' title='bbox 1060 1761 1120 1794; x_wconf 85' lang='lat' dir='ltr'>ubi</span> 
     </span>
     <span class='ocr_line' id='line_1_36' title="bbox 157 1806 1116 1854; baseline 0 -13"><span class='ocrx_word' id='word_1_292' title='bbox 157 1807 272 1853; x_wconf 78' lang='lat' dir='ltr'>pensio</span> <span class='ocrx_word' id='word_1_293' title='bbox 293 1806 444 1853; x_wconf 83' lang='lat' dir='ltr'>imposita</span> <span class='ocrx_word' id='word_1_294' title='bbox 466 1833 476 1848; x_wconf 85' lang='lat'>,</span> <span class='ocrx_word' id='word_1_295' title='bbox 503 1816 541 1840; x_wconf 93' lang='lat' dir='ltr'>ut</span> <span class='ocrx_word' id='word_1_296' title='bbox 561 1820 600 1841; x_wconf 85' lang='lat' dir='ltr'>ex</span> <span class='ocrx_word' id='word_1_297' title='bbox 623 1807 712 1841; x_wconf 80' lang='lat' dir='ltr'>Abb.</span> <span class='ocrx_word' id='word_1_298' title='bbox 727 1809 880 1854; x_wconf 77' lang='lat' dir='ltr'>sequitur</span> <span class='ocrx_word' id='word_1_299' title='bbox 901 1809 971 1841; x_wconf 87' lang='lat' dir='ltr'>Rot.</span> <span class='ocrx_word' id='word_1_300' title='bbox 991 1809 1116 1854; x_wconf 86' lang='lat' dir='ltr'>divers.</span> 
     </span>
     <span class='ocr_line' id='line_1_37' title="bbox 157 1855 1115 1902; baseline 0.001 -13"><span class='ocrx_word' id='word_1_301' title='bbox 157 1855 314 1889; x_wconf 81' lang='lat' dir='ltr'>dec.686.</span> <span class='ocrx_word' id='word_1_302' title='bbox 331 1856 502 1900; x_wconf 75' lang='lat' dir='ltr'>reservata</span> <span class='ocrx_word' id='word_1_303' title='bbox 523 1867 590 1900; x_wconf 85' lang='lat' dir='ltr'>n.5.</span> <span class='ocrx_word' id='word_1_304' title='bbox 607 1858 693 1902; x_wconf 86' lang='lat' dir='ltr'>vers.</span> <span class='ocrx_word' id='word_1_305' title='bbox 707 1867 766 1888; x_wconf 86' lang='lat' dir='ltr'>non</span> <span class='ocrx_word' id='word_1_306' title='bbox 781 1857 882 1895; x_wconf 71' lang='lat' dir='ltr'>obstat</span> <span class='ocrx_word' id='word_1_307' title='bbox 900 1857 986 1901; x_wconf 85' lang='lat' dir='ltr'>quod</span> <span class='ocrx_word' id='word_1_308' title='bbox 1004 1859 1036 1889; x_wconf 85' lang='lat' dir='ltr'>in</span> <span class='ocrx_word' id='word_1_309' title='bbox 1054 1858 1115 1890; x_wconf 81' lang='lat' dir='ltr'>Cae-</span> 
     </span>
     <span class='ocr_line' id='line_1_38' title="bbox 146 1903 1115 1950; baseline 0.003 -14"><span class='ocrx_word' id='word_1_310' title='bbox 146 1905 393 1950; x_wconf 69' lang='lat' dir='ltr'>saraztgustana</span> <span class='ocrx_word' id='word_1_311' title='bbox 410 1903 583 1948; x_wconf 63' lang='lat' dir='ltr'>perficitur,</span> <span class='ocrx_word' id='word_1_312' title='bbox 607 1905 687 1937; x_wconf 78' lang='lat' dir='ltr'>lunae</span> <span class='ocrx_word' id='word_1_313' title='bbox 717 1915 728 1935; x_wconf 90' lang='lat' dir='ltr'>i</span> <span class='ocrx_word' id='word_1_314' title='bbox 742 1916 769 1936; x_wconf 91' lang='lat' dir='ltr'>i.</span> <span class='ocrx_word' id='word_1_315' title='bbox 790 1906 913 1937; x_wconf 74' lang='grc' dir='ltr'>Μανιίὶ</span> <span class='ocrx_word' id='word_1_316' title='bbox 936 1915 1035 1948; x_wconf 84' lang='lat'>¹59¹·</span> <span class='ocrx_word' id='word_1_317' title='bbox 1063 1916 1115 1938; x_wconf 90' lang='lat' dir='ltr'>co-</span> 
     </span>
     <span class='ocr_line' id='line_1_39' title="bbox 155 1951 1116 1996; baseline 0.002 -12"><span class='ocrx_word' id='word_1_318' title='bbox 155 1962 229 1985; x_wconf 85' lang='lat' dir='ltr'>ram</span> <span class='ocrx_word' id='word_1_319' title='bbox 248 1953 379 1987; x_wconf 85' lang='lat' dir='ltr'><strong>R.P.D.</strong></span> <span class='ocrx_word' id='word_1_320' title='bbox 403 1952 511 1996; x_wconf 71' lang='lat' dir='ltr'>Gypsto</span> <span class='ocrx_word' id='word_1_321' title='bbox 527 1977 536 1990; x_wconf 94' lang='lat'>,</span> <span class='ocrx_word' id='word_1_322' title='bbox 556 1952 588 1985; x_wconf 70' lang='grc' dir='ltr'>ὅ(</span> <span class='ocrx_word' id='word_1_323' title='bbox 606 1951 727 1985; x_wconf 90' lang='lat' dir='ltr'>clarius</span> <span class='ocrx_word' id='word_1_324' title='bbox 749 1952 904 1987; x_wconf 78' lang='lat' dir='ltr'>dec.688.</span> <span class='ocrx_word' id='word_1_325' title='bbox 922 1964 993 1985; x_wconf 86' lang='lat' dir='ltr'>cum</span> <span class='ocrx_word' id='word_1_326' title='bbox 1008 1951 1116 1992; x_wconf 70' lang='lat' dir='ltr'>sixtus.</span> 
     </span>
     <span class='ocr_line' id='line_1_40' title="bbox 157 2000 1118 2046; baseline 0.001 -15"><span class='ocrx_word' id='word_1_327' title='bbox 157 2001 191 2032; x_wconf 78' lang='lat' dir='ltr'>in</span> <span class='ocrx_word' id='word_1_328' title='bbox 208 2002 312 2046; x_wconf 78' lang='lat' dir='ltr'>princ.</span> <span class='ocrx_word' id='word_1_329' title='bbox 328 2001 415 2045; x_wconf 63' lang='lat' dir='ltr'>vers:</span> <span class='ocrx_word' id='word_1_330' title='bbox 432 2004 466 2034; x_wconf 65' lang='lat' dir='ltr'>tir</span> <span class='ocrx_word' id='word_1_331' title='bbox 487 2001 569 2033; x_wconf 88' lang='lat' dir='ltr'>DD.</span> <span class='ocrx_word' id='word_1_332' title='bbox 586 2000 690 2045; x_wconf 82' lang='lat' dir='ltr'>&amp;sub</span> <span class='ocrx_word' id='word_1_333' title='bbox 708 2012 759 2033; x_wconf 81' lang='lat' dir='ltr'>nu.</span> <span class='ocrx_word' id='word_1_334' title='bbox 778 2002 808 2033; x_wconf 91' lang='lat'>6.</span> <span class='ocrx_word' id='word_1_335' title='bbox 825 2003 858 2032; x_wconf 84' lang='lat' dir='ltr'>in</span> <span class='ocrx_word' id='word_1_336' title='bbox 874 2002 1017 2033; x_wconf 67' lang='lat' dir='ltr'>Areum</span> <span class='ocrx_word' id='word_1_337' title='bbox 1040 2012 1118 2045; x_wconf 85' lang='lat' dir='ltr'>pen-</span> 
     </span>
     <span class='ocr_line' id='line_1_41' title="bbox 148 2046 1114 2092; baseline 0.001 -12"><span class='ocrx_word' id='word_1_338' title='bbox 148 2046 249 2087; x_wconf 83' lang='lat' dir='ltr'>fionis</span> <span class='ocrx_word' id='word_1_339' title='bbox 262 2074 271 2087; x_wconf 97' lang='lat'>,</span> <span class='ocrx_word' id='word_1_340' title='bbox 291 2050 422 2081; x_wconf 81' lang='lat' dir='ltr'>veneris</span> <span class='ocrx_word' id='word_1_341' title='bbox 438 2060 493 2081; x_wconf 82' lang='lat'>20.</span> <span class='ocrx_word' id='word_1_342' title='bbox 513 2046 710 2092; x_wconf 68' lang='lat' dir='ltr'>Febr-¹598·</span> <span class='ocrx_word' id='word_1_343' title='bbox 731 2060 841 2082; x_wconf 83' lang='lat' dir='ltr'>coram</span> <span class='ocrx_word' id='word_1_344' title='bbox 857 2049 988 2082; x_wconf 76' lang='lat' dir='ltr'><strong>R.J².D.</strong></span> <span class='ocrx_word' id='word_1_345' title='bbox 1006 2050 1114 2086; x_wconf 78' lang='lat' dir='ltr'>Litra.</span> 
     </span>
     <span class='ocr_line' id='line_1_42' title="bbox 157 2095 1116 2143; baseline 0.002 -16"><span class='ocrx_word' id='word_1_346' title='bbox 157 2097 244 2127; x_wconf 80' lang='lat' dir='ltr'>inter</span> <span class='ocrx_word' id='word_1_347' title='bbox 263 2095 426 2143; x_wconf 74' lang='lat' dir='ltr'>impreffas</span> <span class='ocrx_word' id='word_1_348' title='bbox 442 2095 593 2142; x_wconf 83' lang='lat' dir='ltr'>Lugduni</span> <span class='ocrx_word' id='word_1_349' title='bbox 613 2100 709 2130; x_wconf 80' lang='lat'><strong>1612.</strong></span> <span class='ocrx_word' id='word_1_350' title='bbox 726 2096 759 2130; x_wconf 71' lang='grc' dir='ltr'>ὅ(</span> <span class='ocrx_word' id='word_1_351' title='bbox 774 2095 854 2129; x_wconf 85' lang='lat' dir='ltr'>facit</span> <span class='ocrx_word' id='word_1_352' title='bbox 872 2121 880 2134; x_wconf 93' lang='lat'>,</span> <span class='ocrx_word' id='word_1_353' title='bbox 898 2095 994 2142; x_wconf 86' lang='lat' dir='ltr'>quod</span> <span class='ocrx_word' id='word_1_354' title='bbox 1008 2095 1116 2140; x_wconf 77' lang='lat' dir='ltr'>scripsi</span> 
     </span>
     <span class='ocr_line' id='line_1_43' title="bbox 157 2143 1115 2190; baseline 0.002 -14"><span class='ocrx_word' id='word_1_355' title='bbox 157 2143 250 2189; x_wconf 85' lang='lat' dir='ltr'>infra</span> <span class='ocrx_word' id='word_1_356' title='bbox 260 2144 320 2188; x_wconf 82' lang='lat' dir='ltr'>sub</span> <span class='ocrx_word' id='word_1_357' title='bbox 333 2146 449 2190; x_wconf 84' lang='lat' dir='ltr'>n.i76.</span> <span class='ocrx_word' id='word_1_358' title='bbox 466 2145 498 2175; x_wconf 86' lang='lat' dir='ltr'>in</span> <span class='ocrx_word' id='word_1_359' title='bbox 516 2146 548 2177; x_wconf 90' lang='lat'>6.</span> <span class='ocrx_word' id='word_1_360' title='bbox 566 2143 711 2190; x_wconf 77' lang='lat' dir='ltr'>requisito</span> <span class='ocrx_word' id='word_1_361' title='bbox 725 2171 733 2182; x_wconf 83' lang='grc'><strong>,</strong></span> <span class='ocrx_word' id='word_1_362' title='bbox 748 2145 803 2178; x_wconf 88' lang='lat' dir='ltr'>ubi</span> <span class='ocrx_word' id='word_1_363' title='bbox 820 2143 912 2183; x_wconf 82' lang='lat' dir='ltr'>dixi,</span> <span class='ocrx_word' id='word_1_364' title='bbox 942 2143 1115 2178; x_wconf 81' lang='lat' dir='ltr'>attenden-</span> 
     </span>
     <span class='ocr_line' id='line_1_44' title="bbox 157 2189 1013 2238; baseline 0.004 -15"><span class='ocrx_word' id='word_1_365' title='bbox 157 2189 232 2223; x_wconf 88' lang='lat' dir='ltr'>dam</span> <span class='ocrx_word' id='word_1_366' title='bbox 256 2191 320 2225; x_wconf 82' lang='lat' dir='ltr'>elle</span> <span class='ocrx_word' id='word_1_367' title='bbox 337 2191 532 2238; x_wconf 78' lang='lat' dir='ltr'>qualitatem</span> <span class='ocrx_word' id='word_1_368' title='bbox 549 2203 698 2226; x_wconf 78' lang='lat' dir='ltr'>moneta:</span> <span class='ocrx_word' id='word_1_369' title='bbox 721 2191 788 2226; x_wconf 90' lang='lat' dir='ltr'>loci</span> <span class='ocrx_word' id='word_1_370' title='bbox 810 2191 1013 2226; x_wconf 70' lang='lat' dir='ltr'>contrastus.</span> 
     </span>
    </p>

    <p class='ocr_par' dir='ltr' id='par_1_9' title="bbox 158 2238 1118 2609">
     <span class='ocr_line' id='line_1_45' title="bbox 207 2238 1117 2285; baseline 0.001 -12"><span class='ocrx_word' id='word_1_371' title='bbox 207 2238 434 2275; x_wconf 72' lang='lat' dir='ltr'>confirmatur</span> <span class='ocrx_word' id='word_1_372' title='bbox 446 2239 521 2273; x_wconf 85' lang='lat' dir='ltr'>haec</span> <span class='ocrx_word' id='word_1_373' title='bbox 538 2238 782 2274; x_wconf 85' lang='lat' dir='ltr'>subdeclaratio</span> <span class='ocrx_word' id='word_1_374' title='bbox 798 2250 837 2273; x_wconf 88' lang='lat' dir='ltr'>ex</span> <span class='ocrx_word' id='word_1_375' title='bbox 853 2239 904 2273; x_wconf 88' lang='lat' dir='ltr'>his</span> <span class='ocrx_word' id='word_1_376' title='bbox 919 2265 928 2279; x_wconf 94' lang='lat'>,</span> <span class='ocrx_word' id='word_1_377' title='bbox 947 2249 1028 2285; x_wconf 78' lang='lat' dir='ltr'>quae</span> <span class='ocrx_word' id='word_1_378' title='bbox 1040 2239 1117 2275; x_wconf 93' lang='lat' dir='ltr'>scri-</span> 
     </span>
     <span class='ocr_line' id='line_1_46' title="bbox 158 2286 1115 2336; baseline 0.002 -15"><span class='ocrx_word' id='word_1_379' title='bbox 158 2286 209 2322; x_wconf 89' lang='lat' dir='ltr'>bit</span> <span class='ocrx_word' id='word_1_380' title='bbox 230 2289 327 2321; x_wconf 82' lang='lat' dir='ltr'>Sam.</span> <span class='ocrx_word' id='word_1_381' title='bbox 344 2289 377 2320; x_wconf 87' lang='lat' dir='ltr'>in</span> <span class='ocrx_word' id='word_1_382' title='bbox 400 2300 466 2336; x_wconf 85' lang='lat' dir='ltr'>reg.</span> <span class='ocrx_word' id='word_1_383' title='bbox 485 2288 608 2322; x_wconf 76' lang='lat' dir='ltr'>cancel.</span> <span class='ocrx_word' id='word_1_384' title='bbox 626 2287 668 2321; x_wconf 87' lang='lat' dir='ltr'>de</span> <span class='ocrx_word' id='word_1_385' title='bbox 693 2288 802 2321; x_wconf 79' lang='lat' dir='ltr'>valor.</span> <span class='ocrx_word' id='word_1_386' title='bbox 824 2290 960 2333; x_wconf 83' lang='lat' dir='ltr'>exprim.</span> <span class='ocrx_word' id='word_1_387' title='bbox 979 2289 1044 2323; x_wconf 64' lang='lat' dir='ltr'>&amp;a</span> <span class='ocrx_word' id='word_1_388' title='bbox 1063 2302 1115 2335; x_wconf 86' lang='lat' dir='ltr'>qu.</span> 
     </span>
     <span class='ocr_line' id='line_1_47' title="bbox 160 2333 1116 2382; baseline 0.001 -14"><span class='ocrx_word' id='word_1_389' title='bbox 160 2336 193 2368; x_wconf 88' lang='lat'>8.</span> <span class='ocrx_word' id='word_1_390' title='bbox 219 2337 306 2382; x_wconf 80' lang='lat' dir='ltr'>vers.</span> <span class='ocrx_word' id='word_1_391' title='bbox 335 2336 466 2368; x_wconf 77' lang='lat' dir='ltr'>tandem</span> <span class='ocrx_word' id='word_1_392' title='bbox 495 2333 768 2374; x_wconf 70' lang='lat' dir='ltr'>considerandum.</span> <span class='ocrx_word' id='word_1_393' title='bbox 795 2334 911 2369; x_wconf 85' lang='lat' dir='ltr'>dicens</span> <span class='ocrx_word' id='word_1_394' title='bbox 936 2361 945 2375; x_wconf 89' lang='lat'><em>‚</em></span> <span class='ocrx_word' id='word_1_395' title='bbox 973 2336 1116 2370; x_wconf 74' lang='lat' dir='ltr'>aeltima-</span> 
     </span>
     <span class='ocr_line' id='line_1_48' title="bbox 159 2381 1118 2430; baseline 0.002 -13"><span class='ocrx_word' id='word_1_396' title='bbox 159 2382 286 2417; x_wconf 88' lang='lat' dir='ltr'>tionem</span> <span class='ocrx_word' id='word_1_397' title='bbox 312 2383 433 2417; x_wconf 85' lang='lat' dir='ltr'>valoris</span> <span class='ocrx_word' id='word_1_398' title='bbox 451 2381 606 2417; x_wconf 72' lang='lat' dir='ltr'>beneficii</span> <span class='ocrx_word' id='word_1_399' title='bbox 629 2384 660 2417; x_wconf 88' lang='lat' dir='ltr'>in</span> <span class='ocrx_word' id='word_1_400' title='bbox 691 2386 764 2430; x_wconf 73' lang='lat' dir='ltr'>ejtis</span> <span class='ocrx_word' id='word_1_401' title='bbox 789 2382 1024 2429; x_wconf 85' lang='lat' dir='ltr'>impetratione</span> <span class='ocrx_word' id='word_1_402' title='bbox 1053 2383 1118 2419; x_wconf 76' lang='lat' dir='ltr'>esse</span> 
     </span>
     <span class='ocr_line' id='line_1_49' title="bbox 159 2429 1115 2471; baseline 0.003 -7"><span class='ocrx_word' id='word_1_403' title='bbox 159 2430 356 2471; x_wconf 78' lang='lat' dir='ltr'>faciendam,</span> <span class='ocrx_word' id='word_1_404' title='bbox 381 2443 447 2466; x_wconf 81' lang='lat' dir='ltr'>non</span> <span class='ocrx_word' id='word_1_405' title='bbox 471 2429 650 2465; x_wconf 86' lang='lat' dir='ltr'>secundum</span> <span class='ocrx_word' id='word_1_406' title='bbox 676 2431 807 2466; x_wconf 85' lang='lat' dir='ltr'>cursum</span> <span class='ocrx_word' id='word_1_407' title='bbox 823 2443 969 2466; x_wconf 84' lang='lat' dir='ltr'>monetae</span> <span class='ocrx_word' id='word_1_408' title='bbox 985 2433 1017 2466; x_wconf 86' lang='lat' dir='ltr'>in</span> <span class='ocrx_word' id='word_1_409' title='bbox 1035 2432 1115 2469; x_wconf 89' lang='lat' dir='ltr'>loco</span> 
     </span>
     <span class='ocr_line' id='line_1_50' title="bbox 158 2477 1117 2519; baseline 0.004 -7"><span class='ocrx_word' id='word_1_410' title='bbox 158 2477 313 2512; x_wconf 84' lang='lat' dir='ltr'>beneficii</span> <span class='ocrx_word' id='word_1_411' title='bbox 329 2505 338 2519; x_wconf 88' lang='lat'>,</span> <span class='ocrx_word' id='word_1_412' title='bbox 359 2477 414 2514; x_wconf 90' lang='lat' dir='ltr'>sed</span> <span class='ocrx_word' id='word_1_413' title='bbox 431 2477 614 2514; x_wconf 81' lang='lat' dir='ltr'>secundum</span> <span class='ocrx_word' id='word_1_414' title='bbox 634 2479 765 2515; x_wconf 82' lang='lat' dir='ltr'>cursum</span> <span class='ocrx_word' id='word_1_415' title='bbox 782 2489 948 2519; x_wconf 82' lang='lat' dir='ltr'>monetae,</span> <span class='ocrx_word' id='word_1_416' title='bbox 968 2479 1117 2516; x_wconf 70' lang='lat' dir='ltr'>redu&amp;ae</span> 
     </span>
     <span class='ocr_line' id='line_1_51' title="bbox 158 2526 1118 2574; baseline 0.004 -15"><span class='ocrx_word' id='word_1_417' title='bbox 158 2527 202 2561; x_wconf 85' lang='lat' dir='ltr'>ad</span> <span class='ocrx_word' id='word_1_418' title='bbox 217 2538 384 2560; x_wconf 87' lang='lat' dir='ltr'>monetam</span> <span class='ocrx_word' id='word_1_419' title='bbox 401 2553 409 2567; x_wconf 83' lang='lat'>,</span> <span class='ocrx_word' id='word_1_420' title='bbox 431 2537 619 2562; x_wconf 84' lang='lat' dir='ltr'>currentem</span> <span class='ocrx_word' id='word_1_421' title='bbox 634 2527 667 2562; x_wconf 89' lang='lat' dir='ltr'>in</span> <span class='ocrx_word' id='word_1_422' title='bbox 685 2528 789 2562; x_wconf 88' lang='lat' dir='ltr'>Curia</span> <span class='ocrx_word' id='word_1_423' title='bbox 801 2553 811 2568; x_wconf 92' lang='lat'>,</span> <span class='ocrx_word' id='word_1_424' title='bbox 833 2528 889 2561; x_wconf 88' lang='lat' dir='ltr'>ubi</span> <span class='ocrx_word' id='word_1_425' title='bbox 906 2526 944 2562; x_wconf 86' lang='lat' dir='ltr'>fit</span> <span class='ocrx_word' id='word_1_426' title='bbox 961 2527 1118 2574; x_wconf 82' lang='lat' dir='ltr'>impetra-</span> 
     </span>
     <span class='ocr_line' id='line_1_52' title="bbox 158 2573 396 2609; baseline -0.004 0"><span class='ocrx_word' id='word_1_427' title='bbox 158 2574 208 2609; x_wconf 88' lang='lat' dir='ltr'>tio</span> <span class='ocrx_word' id='word_1_428' title='bbox 230 2573 396 2609; x_wconf 83' lang='lat' dir='ltr'>beneficii.</span> 
     </span>
    </p>

    <p class='ocr_par' dir='ltr' id='par_1_10' title="bbox 155 2622 1116 2870">
     <span class='ocr_line' id='line_1_53' title="bbox 207 2622 1116 2670; baseline 0.001 -12"><span class='ocrx_word' id='word_1_429' title='bbox 207 2622 305 2658; x_wconf 88' lang='lat' dir='ltr'>Nota</span> <span class='ocrx_word' id='word_1_430' title='bbox 327 2622 437 2657; x_wconf 89' lang='lat' dir='ltr'>obiter</span> <span class='ocrx_word' id='word_1_431' title='bbox 459 2649 468 2663; x_wconf 94' lang='lat'>,</span> <span class='ocrx_word' id='word_1_432' title='bbox 491 2623 589 2670; x_wconf 73' lang='lat' dir='ltr'>quod</span> <span class='ocrx_word' id='word_1_433' title='bbox 615 2623 646 2657; x_wconf 89' lang='lat' dir='ltr'>in</span> <span class='ocrx_word' id='word_1_434' title='bbox 670 2623 774 2657; x_wconf 81' lang='lat' dir='ltr'>dubio</span> <span class='ocrx_word' id='word_1_435' title='bbox 802 2622 926 2659; x_wconf 90' lang='lat' dir='ltr'>solutio</span> <span class='ocrx_word' id='word_1_436' title='bbox 952 2625 1116 2670; x_wconf 77' lang='lat' dir='ltr'>pensionis</span> 
     </span>
     <span class='ocr_line' id='line_1_54' title="bbox 156 2669 1116 2718; baseline 0.003 -13"><span class='ocrx_word' id='word_1_437' title='bbox 156 2671 259 2706; x_wconf 90' lang='lat' dir='ltr'>debet</span> <span class='ocrx_word' id='word_1_438' title='bbox 281 2669 351 2704; x_wconf 88' lang='lat' dir='ltr'>fieri</span> <span class='ocrx_word' id='word_1_439' title='bbox 379 2671 411 2704; x_wconf 90' lang='lat' dir='ltr'>in</span> <span class='ocrx_word' id='word_1_440' title='bbox 436 2671 516 2706; x_wconf 89' lang='lat' dir='ltr'>loco</span> <span class='ocrx_word' id='word_1_441' title='bbox 540 2671 701 2706; x_wconf 70' lang='lat' dir='ltr'>donzicilii</span> <span class='ocrx_word' id='word_1_442' title='bbox 727 2671 881 2707; x_wconf 84' lang='lat' dir='ltr'>debentis</span> <span class='ocrx_word' id='word_1_443' title='bbox 901 2672 1089 2718; x_wconf 84' lang='lat' dir='ltr'>penfionern</span> <span class='ocrx_word' id='word_1_444' title='bbox 1106 2700 1116 2714; x_wconf 87' lang='lat'>‚</span> 
     </span>
     <span class='ocr_line' id='line_1_55' title="bbox 155 2719 1114 2766; baseline 0.001 -12"><span class='ocrx_word' id='word_1_445' title='bbox 155 2720 189 2754; x_wconf 89' lang='lat'>&amp;</span> <span class='ocrx_word' id='word_1_446' title='bbox 215 2730 282 2753; x_wconf 89' lang='lat' dir='ltr'>non</span> <span class='ocrx_word' id='word_1_447' title='bbox 311 2720 342 2752; x_wconf 90' lang='lat' dir='ltr'>in</span> <span class='ocrx_word' id='word_1_448' title='bbox 367 2719 447 2754; x_wconf 91' lang='lat' dir='ltr'>loco</span> <span class='ocrx_word' id='word_1_449' title='bbox 471 2719 633 2754; x_wconf 74' lang='lat' dir='ltr'>domicilii</span> <span class='ocrx_word' id='word_1_450' title='bbox 662 2720 859 2766; x_wconf 85' lang='lat' dir='ltr'>pensionarii</span> <span class='ocrx_word' id='word_1_451' title='bbox 879 2747 887 2761; x_wconf 95' lang='lat'>,</span> <span class='ocrx_word' id='word_1_452' title='bbox 921 2731 1037 2765; x_wconf 88' lang='lat' dir='ltr'>proter</span> <span class='ocrx_word' id='word_1_453' title='bbox 1066 2733 1114 2755; x_wconf 86' lang='lat' dir='ltr'>ra-</span> 
     </span>
     <span class='ocr_line' id='line_1_56' title="bbox 156 2768 1114 2815; baseline 0 -12"><span class='ocrx_word' id='word_1_454' title='bbox 156 2768 292 2808; x_wconf 82' lang='lat' dir='ltr'>tiones,</span> <span class='ocrx_word' id='word_1_455' title='bbox 323 2778 408 2815; x_wconf 83' lang='lat' dir='ltr'>quas</span> <span class='ocrx_word' id='word_1_456' title='bbox 434 2768 575 2803; x_wconf 87' lang='lat' dir='ltr'>adducit</span> <span class='ocrx_word' id='word_1_457' title='bbox 600 2772 671 2804; x_wconf 82' lang='lat' dir='ltr'>Rot.</span> <span class='ocrx_word' id='word_1_458' title='bbox 699 2768 733 2802; x_wconf 87' lang='lat' dir='ltr'>d.</span> <span class='ocrx_word' id='word_1_459' title='bbox 759 2769 830 2802; x_wconf 83' lang='lat' dir='ltr'>dec.</span> <span class='ocrx_word' id='word_1_460' title='bbox 859 2769 939 2804; x_wconf 82' lang='lat'><strong>688.</strong></span> <span class='ocrx_word' id='word_1_461' title='bbox 971 2781 1057 2803; x_wconf 84' lang='lat' dir='ltr'>num.</span> <span class='ocrx_word' id='word_1_462' title='bbox 1085 2782 1114 2803; x_wconf 88' lang='lat' dir='ltr'>i.</span> 
     </span>
     <span class='ocr_line' id='line_1_57' title="bbox 155 2816 1097 2870; baseline 0.005 -6"><span class='ocrx_word' id='word_1_463' title='bbox 155 2816 192 2853; x_wconf 64' lang='grc' dir='ltr'>ό</span> <span class='ocrx_word' id='word_1_464' title='bbox 204 2817 299 2864; x_wconf 70' lang='lat' dir='ltr'>seqq·</span> <span class='ocrx_word' id='word_1_465' title='bbox 365 2863 372 2870; x_wconf 82' lang='lat'><strong>.</strong></span> <span class='ocrx_word' id='word_1_466' title='bbox 915 2864 921 2869; x_wconf 93' lang='lat'><strong>.</strong></span> <span class='ocrx_word' id='word_1_467' title='bbox 1090 2864 1097 2869; x_wconf 90' lang='lat'><strong>.</strong></span> 
     </span>
    </p>

    <p class='ocr_par' dir='ltr' id='par_1_11' title="bbox 157 2862 1112 3056">
     <span class='ocr_line' id='line_1_58' title="bbox 202 2862 1111 2911; baseline -0.001 -12"><span class='ocrx_word' id='word_1_468' title='bbox 202 2863 393 2910; x_wconf 88' lang='lat' dir='ltr'>Subarnplia</span> <span class='ocrx_word' id='word_1_469' title='bbox 408 2862 553 2900; x_wconf 86' lang='lat' dir='ltr'>secundo</span> <span class='ocrx_word' id='word_1_470' title='bbox 570 2868 579 2905; x_wconf 88' lang='lat'>,</span> <span class='ocrx_word' id='word_1_471' title='bbox 602 2873 641 2899; x_wconf 89' lang='lat' dir='ltr'>ut</span> <span class='ocrx_word' id='word_1_472' title='bbox 667 2863 831 2911; x_wconf 88' lang='lat' dir='ltr'>procedat</span> <span class='ocrx_word' id='word_1_473' title='bbox 848 2891 857 2907; x_wconf 93' lang='lat'>,</span> <span class='ocrx_word' id='word_1_474' title='bbox 878 2863 1000 2899; x_wconf 81' lang='lat' dir='ltr'>etiamsi</span> <span class='ocrx_word' id='word_1_475' title='bbox 1020 2864 1111 2899; x_wconf 82' lang='lat' dir='ltr'>debr-</span> 
     </span>
     <span class='ocr_line' id='line_1_59' title="bbox 158 2911 1112 2958; baseline 0.002 -13"><span class='ocrx_word' id='word_1_476' title='bbox 158 2919 212 2946; x_wconf 88' lang='lat' dir='ltr'>tor</span> <span class='ocrx_word' id='word_1_477' title='bbox 238 2911 432 2958; x_wconf 83' lang='lat' dir='ltr'>promifisset</span> <span class='ocrx_word' id='word_1_478' title='bbox 456 2911 583 2947; x_wconf 87' lang='lat' dir='ltr'>solvere</span> <span class='ocrx_word' id='word_1_479' title='bbox 607 2912 723 2946; x_wconf 77' lang='lat' dir='ltr'>scutos</span> <span class='ocrx_word' id='word_1_480' title='bbox 748 2913 819 2947; x_wconf 88' lang='lat' dir='ltr'>auri</span> <span class='ocrx_word' id='word_1_481' title='bbox 846 2938 856 2953; x_wconf 82' lang='lat'>,</span> <span class='ocrx_word' id='word_1_482' title='bbox 883 2913 917 2946; x_wconf 71' lang='grc' dir='ltr'>ὅ(</span> <span class='ocrx_word' id='word_1_483' title='bbox 940 2912 972 2945; x_wconf 92' lang='lat' dir='ltr'>in</span> <span class='ocrx_word' id='word_1_484' title='bbox 998 2924 1080 2947; x_wconf 84' lang='lat' dir='ltr'>auro</span> <span class='ocrx_word' id='word_1_485' title='bbox 1103 2939 1112 2954; x_wconf 91' lang='lat'>,</span> 
     </span>
     <span class='ocr_line' id='line_1_60' title="bbox 157 2958 1112 3008; baseline 0 -14"><span class='ocrx_word' id='word_1_486' title='bbox 157 2959 240 3008; x_wconf 86' lang='lat' dir='ltr'>quia</span> <span class='ocrx_word' id='word_1_487' title='bbox 260 2960 375 2994; x_wconf 88' lang='lat' dir='ltr'>adhuc</span> <span class='ocrx_word' id='word_1_488' title='bbox 399 2959 526 2996; x_wconf 87' lang='lat' dir='ltr'>solutio</span> <span class='ocrx_word' id='word_1_489' title='bbox 551 2961 677 3007; x_wconf 87' lang='lat' dir='ltr'>poterit</span> <span class='ocrx_word' id='word_1_490' title='bbox 694 2958 764 2993; x_wconf 85' lang='lat' dir='ltr'>fieri</span> <span class='ocrx_word' id='word_1_491' title='bbox 783 2960 815 2995; x_wconf 90' lang='lat' dir='ltr'>in</span> <span class='ocrx_word' id='word_1_492' title='bbox 839 2971 973 2994; x_wconf 90' lang='lat' dir='ltr'>moneta</span> <span class='ocrx_word' id='word_1_493' title='bbox 995 2972 1112 3007; x_wconf 86' lang='lat' dir='ltr'>argen-</span> 
     </span>
     <span class='ocr_line' id='line_1_61' title="bbox 157 3007 1111 3056; baseline -0.001 -12"><span class='ocrx_word' id='word_1_494' title='bbox 157 3018 236 3049; x_wconf 82' lang='lat' dir='ltr'>tea,</span> <span class='ocrx_word' id='word_1_495' title='bbox 263 3008 296 3042; x_wconf 76' lang='grc' dir='ltr'>δι</span> <span class='ocrx_word' id='word_1_496' title='bbox 319 3019 460 3043; x_wconf 89' lang='lat' dir='ltr'>moveor</span> <span class='ocrx_word' id='word_1_497' title='bbox 483 3020 522 3043; x_wconf 87' lang='lat' dir='ltr'>ex</span> <span class='ocrx_word' id='word_1_498' title='bbox 548 3009 599 3042; x_wconf 81' lang='lat' dir='ltr'>his</span> <span class='ocrx_word' id='word_1_499' title='bbox 616 3035 625 3048; x_wconf 85' lang='grc'>,</span> <span class='ocrx_word' id='word_1_500' title='bbox 653 3020 733 3056; x_wconf 82' lang='lat' dir='ltr'>qttae</span> <span class='ocrx_word' id='word_1_501' title='bbox 755 3007 861 3055; x_wconf 76' lang='lat' dir='ltr'>scripsi</span> <span class='ocrx_word' id='word_1_502' title='bbox 882 3010 972 3055; x_wconf 80' lang='lat' dir='ltr'>infra</span> <span class='ocrx_word' id='word_1_503' title='bbox 994 3020 1042 3042; x_wconf 86' lang='lat' dir='ltr'>n.i</span> <span class='ocrx_word' id='word_1_504' title='bbox 1057 3021 1111 3053; x_wconf 88' lang='lat'>35.</span> 
     </span>
    </p>

    <p class='ocr_par' dir='ltr' id='par_1_12' title="bbox 151 3056 1112 3284">
     <span class='ocr_line' id='line_1_62' title="bbox 205 3056 1112 3099; baseline 0.001 -11"><span class='ocrx_word' id='word_1_505' title='bbox 205 3056 377 3099; x_wconf 87' lang='lat' dir='ltr'>Quamvis</span> <span class='ocrx_word' id='word_1_506' title='bbox 398 3056 515 3091; x_wconf 87' lang='lat' dir='ltr'>Alber.</span> <span class='ocrx_word' id='word_1_507' title='bbox 543 3058 643 3091; x_wconf 86' lang='lat' dir='ltr'>Brun.</span> <span class='ocrx_word' id='word_1_508' title='bbox 671 3056 767 3090; x_wconf 56' lang='lat' dir='ltr'>irati.</span> <span class='ocrx_word' id='word_1_509' title='bbox 786 3057 827 3090; x_wconf 84' lang='lat' dir='ltr'>de</span> <span class='ocrx_word' id='word_1_510' title='bbox 851 3067 963 3090; x_wconf 84' lang='lat' dir='ltr'>monet.</span> <span class='ocrx_word' id='word_1_511' title='bbox 990 3058 1054 3092; x_wconf 62' lang='lat' dir='ltr'>(irc.</span> <span class='ocrx_word' id='word_1_512' title='bbox 1079 3060 1112 3090; x_wconf 89' lang='lat' dir='ltr'>in</span> 
     </span>
     <span class='ocr_line' id='line_1_63' title="bbox 157 3102 1111 3152; baseline -0.001 -13"><span class='ocrx_word' id='word_1_513' title='bbox 157 3116 190 3141; x_wconf 73' lang='lat' dir='ltr'>a.</span> <span class='ocrx_word' id='word_1_514' title='bbox 211 3105 397 3151; x_wconf 81' lang='lat' dir='ltr'>praesuppos.</span> <span class='ocrx_word' id='word_1_515' title='bbox 411 3116 496 3140; x_wconf 77' lang='lat' dir='ltr'>num.</span> <span class='ocrx_word' id='word_1_516' title='bbox 513 3105 545 3141; x_wconf 83' lang='lat'>8.</span> <span class='ocrx_word' id='word_1_517' title='bbox 566 3116 668 3152; x_wconf 88' lang='lat' dir='ltr'>quern</span> <span class='ocrx_word' id='word_1_518' title='bbox 691 3103 840 3151; x_wconf 88' lang='lat' dir='ltr'>sequitur</span> <span class='ocrx_word' id='word_1_519' title='bbox 863 3102 930 3138; x_wconf 90' lang='lat' dir='ltr'>sola</span> <span class='ocrx_word' id='word_1_520' title='bbox 950 3104 1048 3138; x_wconf 72' lang='grc' dir='ltr'><em>ιναὲἶ.</em></span> <span class='ocrx_word' id='word_1_521' title='bbox 1070 3103 1111 3138; x_wconf 83' lang='lat' dir='ltr'>de</span> 
     </span>
     <span class='ocr_line' id='line_1_64' title="bbox 153 3151 1110 3199; baseline -0.003 -11"><span class='ocrx_word' id='word_1_522' title='bbox 153 3162 268 3188; x_wconf 78' lang='lat' dir='ltr'>monet.</span> <span class='ocrx_word' id='word_1_523' title='bbox 290 3153 417 3199; x_wconf 67' lang='lat' dir='ltr'>casl37.</span> <span class='ocrx_word' id='word_1_524' title='bbox 433 3163 555 3188; x_wconf 88' lang='lat' dir='ltr'>num.i.</span> <span class='ocrx_word' id='word_1_525' title='bbox 579 3151 783 3187; x_wconf 89' lang='lat' dir='ltr'>contrarium</span> <span class='ocrx_word' id='word_1_526' title='bbox 807 3162 965 3191; x_wconf 83' lang='lat' dir='ltr'>teneant,</span> <span class='ocrx_word' id='word_1_527' title='bbox 995 3153 1027 3185; x_wconf 74' lang='grc' dir='ltr'>ὃ(</span> <span class='ocrx_word' id='word_1_528' title='bbox 1058 3163 1110 3187; x_wconf 83' lang='lat' dir='ltr'>te-</span> 
     </span>
     <span class='ocr_line' id='line_1_65' title="bbox 152 3199 1107 3247; baseline -0.001 -12"><span class='ocrx_word' id='word_1_529' title='bbox 152 3199 282 3235; x_wconf 81' lang='lat' dir='ltr'>flentur</span> <span class='ocrx_word' id='word_1_530' title='bbox 307 3200 351 3235; x_wconf 93' lang='lat' dir='ltr'>de</span> <span class='ocrx_word' id='word_1_531' title='bbox 376 3200 573 3243; x_wconf 89' lang='lat' dir='ltr'>communi,</span> <span class='ocrx_word' id='word_1_532' title='bbox 592 3201 626 3235; x_wconf 77' lang='grc' dir='ltr'>δι</span> <span class='ocrx_word' id='word_1_533' title='bbox 644 3199 800 3247; x_wconf 87' lang='lat' dir='ltr'>loquitur</span> <span class='ocrx_word' id='word_1_534' title='bbox 822 3200 922 3233; x_wconf 83' lang='lat' dir='ltr'>Brun.</span> <span class='ocrx_word' id='word_1_535' title='bbox 943 3210 1058 3246; x_wconf 84' lang='lat' dir='ltr'>aperte</span> <span class='ocrx_word' id='word_1_536' title='bbox 1074 3200 1107 3234; x_wconf 92' lang='lat' dir='ltr'>in</span> 
     </span>
     <span class='ocr_line' id='line_1_66' title="bbox 151 3247 408 3284; baseline -0.008 0"><span class='ocrx_word' id='word_1_537' title='bbox 151 3247 408 3284; x_wconf 88' lang='lat' dir='ltr'>consuetudine.</span> 
     </span>
    </p>

    <p class='ocr_par' dir='ltr' id='par_1_13' title="bbox 65 3294 1104 3354">
     <span class='ocr_line' id='line_1_67' title="bbox 65 3294 1104 3354; baseline -0.001 -23"><span class='ocrx_word' id='word_1_538' title='bbox 65 3321 110 3354; x_wconf 58' lang='grc' dir='ltr'>«η</span> <span class='ocrx_word' id='word_1_539' title='bbox 197 3296 391 3342; x_wconf 84' lang='lat' dir='ltr'>Subamplia</span> <span class='ocrx_word' id='word_1_540' title='bbox 410 3295 524 3338; x_wconf 88' lang='lat' dir='ltr'>tertio,</span> <span class='ocrx_word' id='word_1_541' title='bbox 544 3305 584 3331; x_wconf 89' lang='lat' dir='ltr'>ut</span> <span class='ocrx_word' id='word_1_542' title='bbox 601 3295 765 3341; x_wconf 83' lang='lat' dir='ltr'>procedat</span> <span class='ocrx_word' id='word_1_543' title='bbox 778 3322 787 3336; x_wconf 96' lang='lat'>,</span> <span class='ocrx_word' id='word_1_544' title='bbox 807 3295 906 3330; x_wconf 82' lang='lat' dir='ltr'>etiarn</span> <span class='ocrx_word' id='word_1_545' title='bbox 927 3295 949 3328; x_wconf 81' lang='lat' dir='ltr'>fi</span> <span class='ocrx_word' id='word_1_546' title='bbox 973 3294 1104 3342; x_wconf 86' lang='lat' dir='ltr'>obliga-</span> 
     </span>
    </p>

    <p class='ocr_par' dir='ltr' id='par_1_14' title="bbox 114 3330 1103 3389">
     <span class='ocr_line' id='line_1_68' title="bbox 114 3330 1103 3389; baseline -0.004 -7"><span class='ocrx_word' id='word_1_547' title='bbox 114 3330 137 3362; x_wconf 70' lang='lat'>4</span> <span class='ocrx_word' id='word_1_548' title='bbox 148 3344 199 3382; x_wconf 87' lang='lat' dir='ltr'>tio</span> <span class='ocrx_word' id='word_1_549' title='bbox 215 3343 296 3380; x_wconf 77' lang='lat' dir='ltr'>esset</span> <span class='ocrx_word' id='word_1_550' title='bbox 311 3344 355 3380; x_wconf 89' lang='lat' dir='ltr'>de</span> <span class='ocrx_word' id='word_1_551' title='bbox 368 3355 502 3380; x_wconf 81' lang='lat' dir='ltr'>moneta</span> <span class='ocrx_word' id='word_1_552' title='bbox 517 3354 617 3378; x_wconf 88' lang='lat' dir='ltr'>aurea</span> <span class='ocrx_word' id='word_1_553' title='bbox 630 3369 639 3383; x_wconf 87' lang='lat'>‚</span> <span class='ocrx_word' id='word_1_554' title='bbox 661 3344 715 3378; x_wconf 86' lang='lat' dir='ltr'>seu</span> <span class='ocrx_word' id='word_1_555' title='bbox 741 3353 898 3389; x_wconf 86' lang='lat' dir='ltr'>argentea</span> <span class='ocrx_word' id='word_1_556' title='bbox 911 3369 921 3384; x_wconf 94' lang='lat'>,</span> <span class='ocrx_word' id='word_1_557' title='bbox 940 3344 973 3378; x_wconf 75' lang='grc' dir='ltr'>ὅ(</span> <span class='ocrx_word' id='word_1_558' title='bbox 990 3343 1023 3377; x_wconf 88' lang='lat' dir='ltr'>in</span> <span class='ocrx_word' id='word_1_559' title='bbox 1043 3355 1103 3378; x_wconf 90' lang='lat' dir='ltr'>no-</span> 
     </span>
    </p>

    <p class='ocr_par' dir='ltr' id='par_1_15' title="bbox 145 3390 1100 3440">
     <span class='ocr_line' id='line_1_69' title="bbox 145 3390 1100 3440; baseline -0.003 -12"><span class='ocrx_word' id='word_1_560' title='bbox 145 3392 238 3428; x_wconf 83' lang='lat' dir='ltr'>tabili</span> <span class='ocrx_word' id='word_1_561' title='bbox 259 3391 471 3440; x_wconf 82' lang='lat' dir='ltr'>quantitate,</span> <span class='ocrx_word' id='word_1_562' title='bbox 489 3393 524 3427; x_wconf 88' lang='lat'>&amp;</span> <span class='ocrx_word' id='word_1_563' title='bbox 547 3390 682 3426; x_wconf 89' lang='lat' dir='ltr'>debitor</span> <span class='ocrx_word' id='word_1_564' title='bbox 707 3391 808 3425; x_wconf 89' lang='lat' dir='ltr'>vellet</span> <span class='ocrx_word' id='word_1_565' title='bbox 836 3390 964 3426; x_wconf 88' lang='lat' dir='ltr'>solvere</span> <span class='ocrx_word' id='word_1_566' title='bbox 979 3391 1011 3424; x_wconf 90' lang='lat' dir='ltr'>in</span> <span class='ocrx_word' id='word_1_567' title='bbox 1026 3403 1100 3425; x_wconf 91' lang='lat' dir='ltr'>mo-</span> 
     </span>
    </p>

    <p class='ocr_par' dir='ltr' id='par_1_16' title="bbox 133 3439 1098 3681">
     <span class='ocr_line' id='line_1_70' title="bbox 143 3439 1098 3486; baseline -0.002 -11"><span class='ocrx_word' id='word_1_568' title='bbox 143 3447 222 3477; x_wconf 74' lang='lat' dir='ltr'>neta</span> <span class='ocrx_word' id='word_1_569' title='bbox 241 3442 366 3476; x_wconf 86' lang='lat' dir='ltr'>minuta</span> <span class='ocrx_word' id='word_1_570' title='bbox 379 3451 474 3475; x_wconf 85' lang='lat' dir='ltr'>aenea</span> <span class='ocrx_word' id='word_1_571' title='bbox 488 3466 498 3482; x_wconf 82' lang='grc'><em>,</em></span> <span class='ocrx_word' id='word_1_572' title='bbox 512 3440 567 3476; x_wconf 88' lang='lat' dir='ltr'>seu</span> <span class='ocrx_word' id='word_1_573' title='bbox 583 3449 741 3486; x_wconf 88' lang='lat' dir='ltr'>argentea</span> <span class='ocrx_word' id='word_1_574' title='bbox 754 3467 762 3479; x_wconf 92' lang='lat'>,</span> <span class='ocrx_word' id='word_1_575' title='bbox 777 3450 846 3474; x_wconf 79' lang='lat' dir='ltr'>aere</span> <span class='ocrx_word' id='word_1_576' title='bbox 862 3439 1098 3480; x_wconf 85' lang='lat' dir='ltr'>contaminata,</span> 
     </span>
     <span class='ocr_line' id='line_1_71' title="bbox 143 3486 1096 3534; baseline -0.002 -11"><span class='ocrx_word' id='word_1_577' title='bbox 143 3489 225 3534; x_wconf 85' lang='lat' dir='ltr'>quia</span> <span class='ocrx_word' id='word_1_578' title='bbox 240 3487 354 3523; x_wconf 81' lang='lat' dir='ltr'>adhuc</span> <span class='ocrx_word' id='word_1_579' title='bbox 371 3488 522 3524; x_wconf 87' lang='lat' dir='ltr'>creditor</span> <span class='ocrx_word' id='word_1_580' title='bbox 537 3499 705 3523; x_wconf 87' lang='lat' dir='ltr'>teneretur</span> <span class='ocrx_word' id='word_1_581' title='bbox 722 3498 791 3521; x_wconf 89' lang='lat' dir='ltr'>eam</span> <span class='ocrx_word' id='word_1_582' title='bbox 809 3486 977 3533; x_wconf 83' lang='lat' dir='ltr'>recipere,</span> <span class='ocrx_word' id='word_1_583' title='bbox 993 3487 1096 3521; x_wconf 88' lang='lat' dir='ltr'>semo-</span> 
     </span>
     <span class='ocr_line' id='line_1_72' title="bbox 143 3533 1097 3582; baseline -0.002 -13"><span class='ocrx_word' id='word_1_584' title='bbox 143 3544 184 3570; x_wconf 82' lang='lat' dir='ltr'>to</span> <span class='ocrx_word' id='word_1_585' title='bbox 198 3546 306 3571; x_wconf 82' lang='lat' dir='ltr'>tamen</span> <span class='ocrx_word' id='word_1_586' title='bbox 321 3535 422 3582; x_wconf 86' lang='lat' dir='ltr'>ipsius</span> <span class='ocrx_word' id='word_1_587' title='bbox 435 3535 612 3572; x_wconf 86' lang='lat' dir='ltr'>creditoris</span> <span class='ocrx_word' id='word_1_588' title='bbox 626 3535 750 3570; x_wconf 87' lang='lat' dir='ltr'>damno</span> <span class='ocrx_word' id='word_1_589' title='bbox 764 3561 774 3575; x_wconf 83' lang='lat'>,</span> <span class='ocrx_word' id='word_1_590' title='bbox 791 3547 850 3582; x_wconf 87' lang='lat' dir='ltr'>per</span> <span class='ocrx_word' id='word_1_591' title='bbox 866 3546 904 3568; x_wconf 82' lang='lat' dir='ltr'>ea</span> <span class='ocrx_word' id='word_1_592' title='bbox 919 3545 1001 3582; x_wconf 74' lang='lat' dir='ltr'>qua:</span> <span class='ocrx_word' id='word_1_593' title='bbox 1018 3533 1097 3568; x_wconf 85' lang='lat' dir='ltr'>scri-</span> 
     </span>
     <span class='ocr_line' id='line_1_73' title="bbox 140 3581 1094 3631; baseline -0.004 -13"><span class='ocrx_word' id='word_1_594' title='bbox 140 3581 226 3619; x_wconf 76' lang='lat' dir='ltr'>bunt</span> <span class='ocrx_word' id='word_1_595' title='bbox 248 3595 365 3619; x_wconf 79' lang='lat' dir='ltr'>ornnes</span> <span class='ocrx_word' id='word_1_596' title='bbox 378 3610 389 3626; x_wconf 89' lang='lat'>‚</span> <span class='ocrx_word' id='word_1_597' title='bbox 411 3595 502 3631; x_wconf 88' lang='lat' dir='ltr'>quos</span> <span class='ocrx_word' id='word_1_598' title='bbox 516 3582 618 3619; x_wconf 83' lang='lat' dir='ltr'>citavi</span> <span class='ocrx_word' id='word_1_599' title='bbox 632 3585 737 3630; x_wconf 84' lang='lat' dir='ltr'>supra</span> <span class='ocrx_word' id='word_1_600' title='bbox 746 3583 811 3629; x_wconf 79' lang='lat' dir='ltr'>sub</span> <span class='ocrx_word' id='word_1_601' title='bbox 835 3595 948 3624; x_wconf 86' lang='lat' dir='ltr'>n.io4.</span> <span class='ocrx_word' id='word_1_602' title='bbox 973 3585 1004 3615; x_wconf 82' lang='lat' dir='ltr'>in</span> <span class='ocrx_word' id='word_1_603' title='bbox 1023 3594 1094 3615; x_wconf 82' lang='lat' dir='ltr'>am·-</span> 
     </span>
     <span class='ocr_line' id='line_1_74' title="bbox 133 3631 1096 3681; baseline -0.003 -15"><span class='ocrx_word' id='word_1_604' title='bbox 133 3631 234 3680; x_wconf 79' lang='lat' dir='ltr'>pliat.</span> <span class='ocrx_word' id='word_1_605' title='bbox 249 3633 281 3668; x_wconf 69' lang='grc' dir='ltr'>ὃς</span> <span class='ocrx_word' id='word_1_606' title='bbox 291 3631 471 3678; x_wconf 69' lang='lat' dir='ltr'>praesertim</span> <span class='ocrx_word' id='word_1_607' title='bbox 482 3631 771 3679; x_wconf 75' lang='lat' dir='ltr'>Alber.Brun.qui</span> <span class='ocrx_word' id='word_1_608' title='bbox 783 3631 940 3681; x_wconf 83' lang='lat' dir='ltr'>loquitur</span> <span class='ocrx_word' id='word_1_609' title='bbox 954 3643 994 3666; x_wconf 82' lang='lat' dir='ltr'>eit</span> <span class='ocrx_word' id='word_1_610' title='bbox 1003 3640 1096 3666; x_wconf 85' lang='lat' dir='ltr'>com-</span> 
     </span>
    </p>
   </div>
   <div class='ocr_carea' id='block_1_4' title="bbox 81 1398 146 1422">
    <p class='ocr_par' dir='ltr' id='par_1_17' title="bbox 81 1398 146 1422">
     <span class='ocr_line' id='line_1_75' title="bbox 81 1398 146 1422; baseline 0 -1"><span class='ocrx_word' id='word_1_611' title='bbox 81 1398 146 1422; x_wconf 81' lang='lat' dir='ltr'>uo</span> 
     </span>
    </p>
   </div>
   <div class='ocr_carea' id='block_1_5' title="bbox 73 2646 140 2672">
    <p class='ocr_par' dir='ltr' id='par_1_18' title="bbox 73 2646 140 2672">
     <span class='ocr_line' id='line_1_76' title="bbox 73 2646 140 2672; baseline -0.03 0"><span class='ocrx_word' id='word_1_612' title='bbox 73 2646 140 2672; x_wconf 81' lang='lat'>112</span> 
     </span>
    </p>
   </div>
   <div class='ocr_carea' id='block_1_6' title="bbox 73 2888 136 2925">
    <p class='ocr_par' dir='ltr' id='par_1_19' title="bbox 73 2888 136 2925">
     <span class='ocr_line' id='line_1_77' title="bbox 73 2888 136 2925; baseline -0.016 -12"><span class='ocrx_word' id='word_1_613' title='bbox 73 2888 136 2925; x_wconf 84' lang='lat'>¹¹3</span> 
     </span>
    </p>
   </div>
   <div class='ocr_carea' id='block_1_7' title="bbox 1155 156 2239 3394">
    <p class='ocr_par' dir='ltr' id='par_1_20' title="bbox 1191 156 2160 365">
     <span class='ocr_line' id='line_1_78' title="bbox 2045 156 2150 212; baseline 0.019 -2"><span class='ocrx_word' id='word_1_614' title='bbox 2045 160 2072 210; x_wconf 78' lang='lat'><em>3</em></span> <span class='ocrx_word' id='word_1_615' title='bbox 2088 156 2114 212; x_wconf 87' lang='lat'><em>5</em></span> <span class='ocrx_word' id='word_1_616' title='bbox 2129 161 2150 192; x_wconf 62' lang='grc' dir='ltr'>Ι</span> 
     </span>
     <span class='ocr_line' id='line_1_79' title="bbox 1192 221 2160 272; baseline 0.004 -16"><span class='ocrx_word' id='word_1_617' title='bbox 1192 224 1283 256; x_wconf 91' lang='lat' dir='ltr'>muni</span> <span class='ocrx_word' id='word_1_618' title='bbox 1308 222 1470 268; x_wconf 88' lang='lat' dir='ltr'>opinione</span> <span class='ocrx_word' id='word_1_619' title='bbox 1493 246 1503 260; x_wconf 91' lang='lat'>‚</span> <span class='ocrx_word' id='word_1_620' title='bbox 1530 221 1563 257; x_wconf 91' lang='lat'>&amp;</span> <span class='ocrx_word' id='word_1_621' title='bbox 1590 225 1659 258; x_wconf 85' lang='lat' dir='ltr'>Rot.</span> <span class='ocrx_word' id='word_1_622' title='bbox 1677 223 1800 272; x_wconf 68' lang='lat' dir='ltr'>divers.</span> <span class='ocrx_word' id='word_1_623' title='bbox 1835 235 1917 271; x_wconf 80' lang='lat' dir='ltr'>quae</span> <span class='ocrx_word' id='word_1_624' title='bbox 1938 223 2160 271; x_wconf 70' lang='lat' dir='ltr'>loquiturtie</span> 
     </span>
     <span class='ocr_line' id='line_1_80' title="bbox 1191 271 2156 317; baseline 0.003 -14"><span class='ocrx_word' id='word_1_625' title='bbox 1191 271 1344 317; x_wconf 80' lang='lat' dir='ltr'>qualibet</span> <span class='ocrx_word' id='word_1_626' title='bbox 1371 277 1506 304; x_wconf 82' lang='lat' dir='ltr'>moneta</span> <span class='ocrx_word' id='word_1_627' title='bbox 1539 282 1675 316; x_wconf 60' lang='lat' dir='ltr'>recepta</span> <span class='ocrx_word' id='word_1_628' title='bbox 1709 284 1740 304; x_wconf 89' lang='lat' dir='ltr'>in</span> <span class='ocrx_word' id='word_1_629' title='bbox 1773 275 2042 312; x_wconf 78' lang='lat' dir='ltr'>commercium.</span> <span class='ocrx_word' id='word_1_630' title='bbox 2069 273 2156 307; x_wconf 56' lang='lat' dir='ltr'>‘licet</span> 
     </span>
     <span class='ocr_line' id='line_1_81' title="bbox 1192 319 2153 365; baseline 0.001 -14"><span class='ocrx_word' id='word_1_631' title='bbox 1192 331 1260 352; x_wconf 89' lang='lat' dir='ltr'>non</span> <span class='ocrx_word' id='word_1_632' title='bbox 1290 320 1473 365; x_wconf 80' lang='lat' dir='ltr'>loquantur</span> <span class='ocrx_word' id='word_1_633' title='bbox 1500 327 1545 351; x_wconf 87' lang='lat' dir='ltr'>ita</span> <span class='ocrx_word' id='word_1_634' title='bbox 1580 319 1737 364; x_wconf 63' lang='lat' dir='ltr'>explicit&lt;²</span> <span class='ocrx_word' id='word_1_635' title='bbox 1766 322 1961 354; x_wconf 60' lang='lat' dir='ltr'>in&#39;2nuonetu</span> <span class='ocrx_word' id='word_1_636' title='bbox 1993 329 2117 356; x_wconf 69' lang='lat' dir='ltr'>minuta</span> <span class='ocrx_word' id='word_1_637' title='bbox 2144 346 2153 360; x_wconf 93' lang='lat'>,</span> 
     </span>
    </p>

    <p class='ocr_par' dir='ltr' id='par_1_21' title="bbox 1191 367 2124 402">
     <span class='ocr_line' id='line_1_82' title="bbox 1191 367 2124 402; baseline 0.006 -3"><span class='ocrx_word' id='word_1_638' title='bbox 1191 367 1224 399; x_wconf 77' lang='grc' dir='ltr'>ὅ(</span> <span class='ocrx_word' id='word_1_639' title='bbox 1257 378 1361 402; x_wconf 81' lang='lat' dir='ltr'>aenea.</span> <span class='ocrx_word' id='word_1_640' title='bbox 1791 381 1795 385; x_wconf 82' lang='grc'><strong>”</strong></span> <span class='ocrx_word' id='word_1_641' title='bbox 1848 372 1857 377; x_wconf 68' lang='grc'><em>’</em></span> <span class='ocrx_word' id='word_1_642' title='bbox 2083 378 2086 380; x_wconf 87' lang='grc'><strong>’</strong></span> <span class='ocrx_word' id='word_1_643' title='bbox 2119 378 2124 384; x_wconf 97' lang='grc'><strong>’</strong></span> 
     </span>
    </p>

    <p class='ocr_par' dir='ltr' id='par_1_22' title="bbox 1186 412 2239 796">
     <span class='ocr_line' id='line_1_83' title="bbox 1234 412 2239 463; baseline 0.005 -17"><span class='ocrx_word' id='word_1_644' title='bbox 1234 412 1462 450; x_wconf 80' lang='lat' dir='ltr'>Confirmatur</span> <span class='ocrx_word' id='word_1_645' title='bbox 1489 413 1594 459; x_wconf 88' lang='lat' dir='ltr'>primo</span> <span class='ocrx_word' id='word_1_646' title='bbox 1621 412 1698 446; x_wconf 72' lang='lat' dir='ltr'>haec</span> <span class='ocrx_word' id='word_1_647' title='bbox 1724 412 1953 459; x_wconf 81' lang='lat' dir='ltr'>subampliatio</span> <span class='ocrx_word' id='word_1_648' title='bbox 1970 443 1978 455; x_wconf 87' lang='lat'><strong><em>‚</em></strong></span> <span class='ocrx_word' id='word_1_649' title='bbox 2006 416 2087 463; x_wconf 82' lang='lat' dir='ltr'>quia</span> <span class='ocrx_word' id='word_1_650' title='bbox 2105 415 2149 450; x_wconf 66' lang='grc' dir='ltr'>Εε-</span> <span class='ocrx_word' id='word_1_651' title='bbox 2176 428 2239 463; x_wconf 79' lang='lat'>115</span> 
     </span>
     <span class='ocr_line' id='line_1_84' title="bbox 1187 461 2148 509; baseline 0.004 -16"><span class='ocrx_word' id='word_1_652' title='bbox 1187 462 1294 496; x_wconf 83' lang='lat' dir='ltr'>cultas</span> <span class='ocrx_word' id='word_1_653' title='bbox 1309 463 1385 496; x_wconf 87' lang='lat' dir='ltr'>data</span> <span class='ocrx_word' id='word_1_654' title='bbox 1407 463 1425 496; x_wconf 75' lang='lat' dir='ltr'>a</span> <span class='ocrx_word' id='word_1_655' title='bbox 1451 461 1701 496; x_wconf 83' lang='lat' dir='ltr'>consuetudine</span> <span class='ocrx_word' id='word_1_656' title='bbox 1716 463 1861 495; x_wconf 69' lang='lat' dir='ltr'>debitori</span> <span class='ocrx_word' id='word_1_657' title='bbox 1880 490 1888 503; x_wconf 96' lang='lat'>,</span> <span class='ocrx_word' id='word_1_658' title='bbox 1915 476 1950 498; x_wconf 81' lang='lat' dir='ltr'>ut</span> <span class='ocrx_word' id='word_1_659' title='bbox 1973 464 2069 509; x_wconf 73' lang='lat' dir='ltr'>possit</span> <span class='ocrx_word' id='word_1_660' title='bbox 2086 464 2148 498; x_wconf 74' lang='lat' dir='ltr'>soi-</span> 
     </span>
     <span class='ocr_line' id='line_1_85' title="bbox 1189 510 2150 556; baseline 0.003 -14"><span class='ocrx_word' id='word_1_661' title='bbox 1189 520 1267 543; x_wconf 87' lang='lat' dir='ltr'>vere</span> <span class='ocrx_word' id='word_1_662' title='bbox 1295 510 1327 542; x_wconf 89' lang='lat' dir='ltr'>in</span> <span class='ocrx_word' id='word_1_663' title='bbox 1350 511 1410 543; x_wconf 84' lang='lat' dir='ltr'>alia</span> <span class='ocrx_word' id='word_1_664' title='bbox 1437 520 1592 550; x_wconf 78' lang='lat' dir='ltr'>moneta,</span> <span class='ocrx_word' id='word_1_665' title='bbox 1617 521 1683 542; x_wconf 90' lang='lat' dir='ltr'>non</span> <span class='ocrx_word' id='word_1_666' title='bbox 1707 510 1877 555; x_wconf 74' lang='lat' dir='ltr'>dependet</span> <span class='ocrx_word' id='word_1_667' title='bbox 1901 523 2006 556; x_wconf 68' lang='lat' dir='ltr'>tnagis</span> <span class='ocrx_word' id='word_1_668' title='bbox 2025 513 2067 544; x_wconf 81' lang='lat' dir='ltr'>ab</span> <span class='ocrx_word' id='word_1_669' title='bbox 2086 521 2150 549; x_wconf 86' lang='lat' dir='ltr'>una</span> 
     </span>
     <span class='ocr_line' id='line_1_86' title="bbox 1187 557 2149 605; baseline 0.002 -15"><span class='ocrx_word' id='word_1_670' title='bbox 1187 558 1350 603; x_wconf 79' lang='lat' dir='ltr'>qualitate</span> <span class='ocrx_word' id='word_1_671' title='bbox 1367 567 1514 592; x_wconf 79' lang='lat' dir='ltr'>monetae</span> <span class='ocrx_word' id='word_1_672' title='bbox 1538 569 1638 603; x_wconf 79' lang='lat' dir='ltr'>quain</span> <span class='ocrx_word' id='word_1_673' title='bbox 1661 558 1702 589; x_wconf 83' lang='lat' dir='ltr'>ab</span> <span class='ocrx_word' id='word_1_674' title='bbox 1721 559 1782 590; x_wconf 77' lang='lat' dir='ltr'>alia</span> <span class='ocrx_word' id='word_1_675' title='bbox 1797 584 1806 598; x_wconf 91' lang='lat'>,</span> <span class='ocrx_word' id='word_1_676' title='bbox 1829 557 1885 592; x_wconf 79' lang='lat' dir='ltr'>fed</span> <span class='ocrx_word' id='word_1_677' title='bbox 1912 559 2081 604; x_wconf 72' lang='lat' dir='ltr'>dependet</span> <span class='ocrx_word' id='word_1_678' title='bbox 2107 561 2149 605; x_wconf 70' lang='lat' dir='ltr'>ab</span> 
     </span>
     <span class='ocr_line' id='line_1_87' title="bbox 1186 605 2150 653; baseline 0.003 -16"><span class='ocrx_word' id='word_1_679' title='bbox 1186 605 1279 646; x_wconf 85' lang='lat' dir='ltr'>hoc,</span> <span class='ocrx_word' id='word_1_680' title='bbox 1297 605 1393 653; x_wconf 68' lang='lat' dir='ltr'>quod</span> <span class='ocrx_word' id='word_1_681' title='bbox 1419 605 1580 640; x_wconf 74' lang='lat' dir='ltr'>solvendo</span> <span class='ocrx_word' id='word_1_682' title='bbox 1606 606 1637 637; x_wconf 88' lang='lat' dir='ltr'>in</span> <span class='ocrx_word' id='word_1_683' title='bbox 1656 608 1716 638; x_wconf 77' lang='lat' dir='ltr'>alia</span> <span class='ocrx_word' id='word_1_684' title='bbox 1741 617 1874 640; x_wconf 79' lang='lat' dir='ltr'>moneta</span> <span class='ocrx_word' id='word_1_685' title='bbox 1888 633 1897 646; x_wconf 96' lang='lat'>,</span> <span class='ocrx_word' id='word_1_686' title='bbox 1925 607 2076 641; x_wconf 81' lang='lat' dir='ltr'>creditor</span> <span class='ocrx_word' id='word_1_687' title='bbox 2091 607 2150 640; x_wconf 68' lang='lat' dir='ltr'>ad-</span> 
     </span>
     <span class='ocr_line' id='line_1_88' title="bbox 1187 647 2150 700; baseline 0.003 -15"><span class='ocrx_word' id='word_1_688' title='bbox 1187 653 1254 686; x_wconf 89' lang='lat' dir='ltr'>huc</span> <span class='ocrx_word' id='word_1_689' title='bbox 1273 654 1392 687; x_wconf 73' lang='lat' dir='ltr'>liabent</span> <span class='ocrx_word' id='word_1_690' title='bbox 1419 654 1587 699; x_wconf 85' lang='lat' dir='ltr'>integrum</span> <span class='ocrx_word' id='word_1_691' title='bbox 1616 654 1788 700; x_wconf 52' lang='lat' dir='ltr'>valorem,</span> <span class='ocrx_word' id='word_1_692' title='bbox 1815 655 1848 688; x_wconf 74' lang='grc' dir='ltr'>ὅ(</span> <span class='ocrx_word' id='word_1_693' title='bbox 1871 647 2072 700; x_wconf 81' lang='lat' dir='ltr'>fine-aliquo</span> <span class='ocrx_word' id='word_1_694' title='bbox 2090 653 2150 689; x_wconf 87' lang='lat' dir='ltr'>suo</span> 
     </span>
     <span class='ocr_line' id='line_1_89' title="bbox 1186 701 2150 745; baseline 0.001 -10"><span class='ocrx_word' id='word_1_695' title='bbox 1186 701 1339 736; x_wconf 80' lang='lat' dir='ltr'>damno:</span> <span class='ocrx_word' id='word_1_696' title='bbox 1367 701 1424 734; x_wconf 81' lang='lat' dir='ltr'>sed</span> <span class='ocrx_word' id='word_1_697' title='bbox 1459 701 1517 733; x_wconf 75' lang='lat' dir='ltr'>isla</span> <span class='ocrx_word' id='word_1_698' title='bbox 1552 701 1674 745; x_wconf 78' lang='lat' dir='ltr'>integri</span> <span class='ocrx_word' id='word_1_699' title='bbox 1704 701 1838 736; x_wconf 80' lang='lat' dir='ltr'>valoris¹</span> <span class='ocrx_word' id='word_1_700' title='bbox 1853 702 2054 736; x_wconf 74' lang='lat' dir='ltr'>consecutio</span> <span class='ocrx_word' id='word_1_701' title='bbox 2078 728 2087 742; x_wconf 89' lang='lat'>,</span> <span class='ocrx_word' id='word_1_702' title='bbox 2116 702 2150 736; x_wconf 68' lang='lat'>⁴&amp;</span> 
     </span>
     <span class='ocr_line' id='line_1_90' title="bbox 1186 747 2148 796; baseline 0.002 -15"><span class='ocrx_word' id='word_1_703' title='bbox 1186 747 1251 782; x_wconf 81' lang='lat' dir='ltr'>fine</span> <span class='ocrx_word' id='word_1_704' title='bbox 1268 750 1390 783; x_wconf 84' lang='lat' dir='ltr'>damno</span> <span class='ocrx_word' id='word_1_705' title='bbox 1406 750 1515 793; x_wconf 78' lang='lat' dir='ltr'>potest</span> <span class='ocrx_word' id='word_1_706' title='bbox 1531 748 1576 783; x_wconf 80' lang='lat' dir='ltr'>ita</span> <span class='ocrx_word' id='word_1_707' title='bbox 1593 750 1675 782; x_wconf 76' lang='lat' dir='ltr'>liare</span> <span class='ocrx_word' id='word_1_708' title='bbox 1690 748 1721 782; x_wconf 88' lang='lat' dir='ltr'>in</span> <span class='ocrx_word' id='word_1_709' title='bbox 1736 761 1868 785; x_wconf 86' lang='lat' dir='ltr'>moneta</span> <span class='ocrx_word' id='word_1_710' title='bbox 1890 751 1988 784; x_wconf 87' lang='lat' dir='ltr'>unius</span> <span class='ocrx_word' id='word_1_711' title='bbox 2000 750 2120 796; x_wconf 78' lang='lat' dir='ltr'>spec&#39;ie‘i</span> <span class='ocrx_word' id='word_1_712' title='bbox 2137 777 2148 790; x_wconf 90' lang='lat'>‚</span> 
     </span>
    </p>

    <p class='ocr_par' dir='ltr' id='par_1_23' title="bbox 1183 796 2149 890">
     <span class='ocr_line' id='line_1_91' title="bbox 1184 796 2149 845; baseline 0.002 -15"><span class='ocrx_word' id='word_1_713' title='bbox 1184 797 1218 830; x_wconf 87' lang='lat'><strong>&amp;</strong></span> <span class='ocrx_word' id='word_1_714' title='bbox 1240 798 1390 832; x_wconf 82' lang='lat' dir='ltr'>materia:</span> <span class='ocrx_word' id='word_1_715' title='bbox 1409 823 1418 836; x_wconf 93' lang='lat'>,</span> <span class='ocrx_word' id='word_1_716' title='bbox 1443 796 1526 831; x_wconf 82' lang='lat' dir='ltr'>sicut</span> <span class='ocrx_word' id='word_1_717' title='bbox 1552 799 1584 830; x_wconf 91' lang='lat' dir='ltr'>in</span> <span class='ocrx_word' id='word_1_718' title='bbox 1609 809 1742 830; x_wconf 83' lang='lat' dir='ltr'>moneta</span> <span class='ocrx_word' id='word_1_719' title='bbox 1771 799 1906 832; x_wconf 84' lang='lat' dir='ltr'>alterius</span> <span class='ocrx_word' id='word_1_720' title='bbox 1929 799 2050 845; x_wconf 85' lang='lat' dir='ltr'>speciei</span> <span class='ocrx_word' id='word_1_721' title='bbox 2078 825 2088 840; x_wconf 94' lang='lat'>,</span> <span class='ocrx_word' id='word_1_722' title='bbox 2115 800 2149 832; x_wconf 86' lang='lat'>&amp;</span> 
     </span>
     <span class='ocr_line' id='line_1_92' title="bbox 1183 855 2126 890; baseline 0.006 -13"><span class='ocrx_word' id='word_1_723' title='bbox 1183 855 1332 880; x_wconf 81' lang='lat' dir='ltr'>materiae</span> <span class='ocrx_word' id='word_1_724' title='bbox 1353 858 1360 881; x_wconf 91' lang='lat'>:</span> <span class='ocrx_word' id='word_1_725' title='bbox 1382 856 1479 890; x_wconf 86' lang='lat' dir='ltr'>ergo.</span> <span class='ocrx_word' id='word_1_726' title='bbox 2061 858 2065 864; x_wconf 86' lang='grc'><strong><em>·</em></strong></span> <span class='ocrx_word' id='word_1_727' title='bbox 2124 862 2126 864; x_wconf 69' lang='grc'>’</span> 
     </span>
    </p>

    <p class='ocr_par' dir='ltr' id='par_1_24' title="bbox 1179 891 2233 1084">
     <span class='ocr_line' id='line_1_93' title="bbox 1229 891 2233 942; baseline 0.005 -14"><span class='ocrx_word' id='word_1_728' title='bbox 1229 892 1459 928; x_wconf 83' lang='lat' dir='ltr'>Confirmatur</span> <span class='ocrx_word' id='word_1_729' title='bbox 1484 891 1666 936; x_wconf 79' lang='lat' dir='ltr'>secundo3</span> <span class='ocrx_word' id='word_1_730' title='bbox 1697 892 1776 940; x_wconf 86' lang='lat' dir='ltr'>quia</span> <span class='ocrx_word' id='word_1_731' title='bbox 1806 892 1987 929; x_wconf 86' lang='lat' dir='ltr'>secundum</span> <span class='ocrx_word' id='word_1_732' title='bbox 2012 895 2145 942; x_wconf 81' lang='lat' dir='ltr'>opinio-</span> <span class='ocrx_word' id='word_1_733' title='bbox 2169 904 2233 936; x_wconf 80' lang='lat'>116</span> 
     </span>
     <span class='ocr_line' id='line_1_94' title="bbox 1182 941 2145 991; baseline 0.004 -17"><span class='ocrx_word' id='word_1_734' title='bbox 1182 953 1266 982; x_wconf 88' lang='lat' dir='ltr'>nem,</span> <span class='ocrx_word' id='word_1_735' title='bbox 1285 952 1388 989; x_wconf 88' lang='lat' dir='ltr'>quam</span> <span class='ocrx_word' id='word_1_736' title='bbox 1407 941 1533 977; x_wconf 79' lang='lat' dir='ltr'>adduxi</span> <span class='ocrx_word' id='word_1_737' title='bbox 1561 942 1648 987; x_wconf 83' lang='lat' dir='ltr'>infra</span> <span class='ocrx_word' id='word_1_738' title='bbox 1660 954 1711 974; x_wconf 84' lang='lat' dir='ltr'>nu.</span> <span class='ocrx_word' id='word_1_739' title='bbox 1723 953 1790 982; x_wconf 81' lang='lat'><strong>¹¹9·</strong></span> <span class='ocrx_word' id='word_1_740' title='bbox 1804 945 1839 981; x_wconf 76' lang='lat' dir='ltr'>in</span> <span class='ocrx_word' id='word_1_741' title='bbox 1850 942 1910 987; x_wconf 80' lang='lat' dir='ltr'>fin.</span> <span class='ocrx_word' id='word_1_742' title='bbox 1928 946 2013 991; x_wconf 83' lang='lat' dir='ltr'>vers.</span> <span class='ocrx_word' id='word_1_743' title='bbox 2031 957 2145 990; x_wconf 79' lang='lat' dir='ltr'>quam-</span> 
     </span>
     <span class='ocr_line' id='line_1_95' title="bbox 1181 988 2142 1036; baseline 0.006 -15"><span class='ocrx_word' id='word_1_744' title='bbox 1181 992 1245 1024; x_wconf 83' lang='lat' dir='ltr'>vis.</span> <span class='ocrx_word' id='word_1_745' title='bbox 1271 989 1407 1025; x_wconf 83' lang='lat' dir='ltr'>debitor</span> <span class='ocrx_word' id='word_1_746' title='bbox 1425 990 1470 1025; x_wconf 88' lang='lat' dir='ltr'>ita</span> <span class='ocrx_word' id='word_1_747' title='bbox 1491 991 1601 1036; x_wconf 77' lang='lat' dir='ltr'>potest</span> <span class='ocrx_word' id='word_1_748' title='bbox 1624 988 1755 1024; x_wconf 81' lang='lat' dir='ltr'>solvere</span> <span class='ocrx_word' id='word_1_749' title='bbox 1777 1003 1810 1024; x_wconf 87' lang='lat' dir='ltr'>in</span> <span class='ocrx_word' id='word_1_750' title='bbox 1832 1002 1966 1025; x_wconf 84' lang='lat' dir='ltr'>moneta</span> <span class='ocrx_word' id='word_1_751' title='bbox 1988 990 2142 1035; x_wconf 64' lang='lat' dir='ltr'>minuta,</span> 
     </span>
     <span class='ocr_line' id='line_1_96' title="bbox 1179 1035 1482 1084; baseline 0.01 -15"><span class='ocrx_word' id='word_1_752' title='bbox 1179 1035 1266 1072; x_wconf 87' lang='lat' dir='ltr'>ficut</span> <span class='ocrx_word' id='word_1_753' title='bbox 1293 1039 1325 1072; x_wconf 88' lang='lat' dir='ltr'>in</span> <span class='ocrx_word' id='word_1_754' title='bbox 1352 1049 1482 1084; x_wconf 79' lang='lat' dir='ltr'>magna.</span> 
     </span>
    </p>

    <p class='ocr_par' dir='ltr' id='par_1_25' title="bbox 1171 1084 2141 1460">
     <span class='ocr_line' id='line_1_97' title="bbox 1228 1084 2141 1135; baseline -0.002 -15"><span class='ocrx_word' id='word_1_755' title='bbox 1228 1085 1358 1122; x_wconf 86' lang='lat' dir='ltr'>Contra</span> <span class='ocrx_word' id='word_1_756' title='bbox 1383 1085 1474 1121; x_wconf 82' lang='lat' dir='ltr'>istam</span> <span class='ocrx_word' id='word_1_757' title='bbox 1502 1084 1812 1130; x_wconf 77' lang='lat' dir='ltr'>subampliationem</span> <span class='ocrx_word' id='word_1_758' title='bbox 1835 1086 1880 1121; x_wconf 89' lang='lat' dir='ltr'>de</span> <span class='ocrx_word' id='word_1_759' title='bbox 1895 1086 2059 1123; x_wconf 86' lang='lat' dir='ltr'>diametro</span> <span class='ocrx_word' id='word_1_760' title='bbox 2076 1101 2141 1135; x_wconf 83' lang='lat' dir='ltr'>pu..</span> 
     </span>
     <span class='ocr_line' id='line_1_98' title="bbox 1176 1132 2141 1184; baseline 0.005 -17"><span class='ocrx_word' id='word_1_761' title='bbox 1176 1145 1279 1179; x_wconf 83' lang='lat' dir='ltr'>gnant</span> <span class='ocrx_word' id='word_1_762' title='bbox 1298 1160 1308 1175; x_wconf 89' lang='lat'>,</span> <span class='ocrx_word' id='word_1_763' title='bbox 1335 1145 1418 1183; x_wconf 80' lang='lat' dir='ltr'>quae</span> <span class='ocrx_word' id='word_1_764' title='bbox 1441 1132 1549 1168; x_wconf 81' lang='lat' dir='ltr'>firmat</span> <span class='ocrx_word' id='word_1_765' title='bbox 1581 1133 1705 1167; x_wconf 80' lang='lat' dir='ltr'>Matih.</span> <span class='ocrx_word' id='word_1_766' title='bbox 1735 1136 1837 1169; x_wconf 89' lang='lat' dir='ltr'>Coler.</span> <span class='ocrx_word' id='word_1_767' title='bbox 1874 1137 1969 1170; x_wconf 62' lang='lat' dir='ltr'>tract.</span> <span class='ocrx_word' id='word_1_768' title='bbox 1996 1137 2038 1171; x_wconf 81' lang='lat' dir='ltr'>de</span> <span class='ocrx_word' id='word_1_769' title='bbox 2063 1147 2141 1184; x_wconf 84' lang='lat' dir='ltr'>pro-</span> 
     </span>
     <span class='ocr_line' id='line_1_99' title="bbox 1176 1182 2140 1231; baseline 0.004 -16"><span class='ocrx_word' id='word_1_770' title='bbox 1176 1182 1242 1228; x_wconf 76' lang='lat' dir='ltr'>ceff.</span> <span class='ocrx_word' id='word_1_771' title='bbox 1268 1195 1355 1218; x_wconf 79' lang='lat' dir='ltr'>exec.</span> <span class='ocrx_word' id='word_1_772' title='bbox 1378 1192 1452 1227; x_wconf 79' lang='lat' dir='ltr'>par.</span> <span class='ocrx_word' id='word_1_773' title='bbox 1476 1195 1503 1215; x_wconf 87' lang='grc' dir='ltr'>ι.</span> <span class='ocrx_word' id='word_1_774' title='bbox 1523 1193 1594 1228; x_wconf 77' lang='lat' dir='ltr'>cap.</span> <span class='ocrx_word' id='word_1_775' title='bbox 1616 1193 1668 1215; x_wconf 92' lang='lat' dir='ltr'>io.</span> <span class='ocrx_word' id='word_1_776' title='bbox 1682 1194 1807 1228; x_wconf 56' lang='lat' dir='ltr'>namq.</span> <span class='ocrx_word' id='word_1_777' title='bbox 1831 1183 1866 1220; x_wconf 58' lang='grc' dir='ltr'>ᾤ’</span> <span class='ocrx_word' id='word_1_778' title='bbox 1883 1190 1952 1230; x_wconf 80' lang='lat' dir='ltr'>seq.</span> <span class='ocrx_word' id='word_1_779' title='bbox 1970 1185 2066 1231; x_wconf 81' lang='lat' dir='ltr'>usque</span> <span class='ocrx_word' id='word_1_780' title='bbox 2089 1186 2140 1219; x_wconf 82' lang='lat' dir='ltr'>ad</span> 
     </span>
     <span class='ocr_line' id='line_1_100' title="bbox 1174 1229 2138 1275; baseline 0.004 -12"><span class='ocrx_word' id='word_1_781' title='bbox 1174 1241 1261 1264; x_wconf 85' lang='lat' dir='ltr'>num.</span> <span class='ocrx_word' id='word_1_782' title='bbox 1287 1243 1338 1271; x_wconf 80' lang='lat'>¹4·</span> <span class='ocrx_word' id='word_1_783' title='bbox 1361 1229 1544 1269; x_wconf 70' lang='lat' dir='ltr'>exclusive,</span> <span class='ocrx_word' id='word_1_784' title='bbox 1569 1231 1600 1264; x_wconf 76' lang='grc' dir='ltr'>δε</span> <span class='ocrx_word' id='word_1_785' title='bbox 1625 1240 1708 1275; x_wconf 80' lang='lat' dir='ltr'>quae</span> <span class='ocrx_word' id='word_1_786' title='bbox 1732 1241 1850 1264; x_wconf 86' lang='lat' dir='ltr'>contra</span> <span class='ocrx_word' id='word_1_787' title='bbox 1873 1232 2010 1265; x_wconf 60' lang='lat' dir='ltr'>eandem</span> <span class='ocrx_word' id='word_1_788' title='bbox 2038 1232 2138 1267; x_wconf 88' lang='lat' dir='ltr'>sentit</span> 
     </span>
     <span class='ocr_line' id='line_1_101' title="bbox 1174 1277 2135 1326; baseline 0.005 -16"><span class='ocrx_word' id='word_1_789' title='bbox 1174 1277 1272 1325; x_wconf 73' lang='lat' dir='ltr'>Gasp.</span> <span class='ocrx_word' id='word_1_790' title='bbox 1292 1280 1374 1311; x_wconf 82' lang='lat' dir='ltr'>Ant.</span> <span class='ocrx_word' id='word_1_791' title='bbox 1393 1277 1494 1326; x_wconf 74' lang='lat' dir='ltr'><em>Theff.</em></span> <span class='ocrx_word' id='word_1_792' title='bbox 1507 1277 1602 1312; x_wconf 67' lang='lat' dir='ltr'>tract.</span> <span class='ocrx_word' id='word_1_793' title='bbox 1627 1278 1670 1310; x_wconf 83' lang='lat' dir='ltr'>de</span> <span class='ocrx_word' id='word_1_794' title='bbox 1693 1290 1800 1325; x_wconf 80' lang='lat' dir='ltr'>attgm.</span> <span class='ocrx_word' id='word_1_795' title='bbox 1819 1291 1932 1312; x_wconf 79' lang='lat' dir='ltr'>monet.</span> <span class='ocrx_word' id='word_1_796' title='bbox 1952 1290 2065 1326; x_wconf 62' lang='lat' dir='ltr'>parui.</span> <span class='ocrx_word' id='word_1_797' title='bbox 2081 1293 2135 1315; x_wconf 85' lang='lat' dir='ltr'>nu.</span> 
     </span>
     <span class='ocr_line' id='line_1_102' title="bbox 1174 1325 2134 1374; baseline 0.005 -17"><span class='ocrx_word' id='word_1_798' title='bbox 1174 1337 1228 1369; x_wconf 84' lang='lat'>30.</span> <span class='ocrx_word' id='word_1_799' title='bbox 1245 1327 1279 1363; x_wconf 66' lang='lat'>(5</span> <span class='ocrx_word' id='word_1_800' title='bbox 1300 1338 1353 1370; x_wconf 85' lang='lat'>31.</span> <span class='ocrx_word' id='word_1_801' title='bbox 1377 1326 1484 1372; x_wconf 76' lang='lat' dir='ltr'>&amp;sub</span> <span class='ocrx_word' id='word_1_802' title='bbox 1501 1338 1531 1359; x_wconf 85' lang='lat' dir='ltr'>n.</span> <span class='ocrx_word' id='word_1_803' title='bbox 1551 1337 1603 1370; x_wconf 86' lang='lat'>33.</span> <span class='ocrx_word' id='word_1_804' title='bbox 1625 1325 1659 1361; x_wconf 62' lang='grc' dir='ltr'>ἐγ</span> <span class='ocrx_word' id='word_1_805' title='bbox 1672 1325 1738 1371; x_wconf 79' lang='lat' dir='ltr'>sub</span> <span class='ocrx_word' id='word_1_806' title='bbox 1753 1330 1898 1361; x_wconf 72' lang='lat' dir='ltr'>mun-81.</span> <span class='ocrx_word' id='word_1_807' title='bbox 1914 1328 1970 1367; x_wconf 80' lang='lat' dir='ltr'>ibi,</span> <span class='ocrx_word' id='word_1_808' title='bbox 1986 1329 2019 1363; x_wconf 71' lang='lat'>(5</span> <span class='ocrx_word' id='word_1_809' title='bbox 2035 1341 2134 1374; x_wconf 77' lang='lat' dir='ltr'>quan-</span> 
     </span>
     <span class='ocr_line' id='line_1_103' title="bbox 1171 1373 2136 1423; baseline 0.004 -17"><span class='ocrx_word' id='word_1_810' title='bbox 1171 1374 1212 1406; x_wconf 74' lang='lat' dir='ltr'>do</span> <span class='ocrx_word' id='word_1_811' title='bbox 1226 1375 1358 1419; x_wconf 79' lang='lat' dir='ltr'>solutio.</span> <span class='ocrx_word' id='word_1_812' title='bbox 1385 1384 1531 1421; x_wconf 83' lang='lat' dir='ltr'>quorum</span> <span class='ocrx_word' id='word_1_813' title='bbox 1553 1373 1641 1408; x_wconf 56' lang='lat' dir='ltr'>dieta</span> <span class='ocrx_word' id='word_1_814' title='bbox 1667 1374 1861 1419; x_wconf 63' lang='lat' dir='ltr'>insequenti</span> <span class='ocrx_word' id='word_1_815' title='bbox 1880 1377 2136 1423; x_wconf 75' lang='lat' dir='ltr'>comprobatione</span> 
     </span>
     <span class='ocr_line' id='line_1_104' title="bbox 1172 1421 1709 1460; baseline 0.011 -6"><span class='ocrx_word' id='word_1_816' title='bbox 1172 1421 1291 1456; x_wconf 84' lang='lat' dir='ltr'>resero.</span> <span class='ocrx_word' id='word_1_817' title='bbox 1704 1457 1709 1460; x_wconf 74' lang='grc'>,</span> 
     </span>
    </p>

    <p class='ocr_par' dir='ltr' id='par_1_26' title="bbox 1155 1468 2132 1805">
     <span class='ocr_line' id='line_1_105' title="bbox 1219 1468 2132 1518; baseline 0.007 -15"><span class='ocrx_word' id='word_1_818' title='bbox 1219 1469 1477 1516; x_wconf 80' lang='lat' dir='ltr'>Comprobatui·</span> <span class='ocrx_word' id='word_1_819' title='bbox 1502 1468 1578 1503; x_wconf 82' lang='lat' dir='ltr'>haec</span> <span class='ocrx_word' id='word_1_820' title='bbox 1594 1471 1760 1505; x_wconf 70' lang='lat' dir='ltr'>contraria</span> <span class='ocrx_word' id='word_1_821' title='bbox 1784 1470 1901 1517; x_wconf 82' lang='lat' dir='ltr'>opinio</span> <span class='ocrx_word' id='word_1_822' title='bbox 1916 1498 1925 1511; x_wconf 81' lang='grc'>,</span> <span class='ocrx_word' id='word_1_823' title='bbox 1945 1472 2026 1518; x_wconf 86' lang='lat' dir='ltr'>quia</span> <span class='ocrx_word' id='word_1_824' title='bbox 2043 1484 2132 1509; x_wconf 85' lang='lat' dir='ltr'>certa</span> 
     </span>
     <span class='ocr_line' id='line_1_106' title="bbox 1168 1517 2129 1565; baseline 0.005 -14"><span class='ocrx_word' id='word_1_825' title='bbox 1168 1517 1214 1551; x_wconf 87' lang='lat' dir='ltr'>est</span> <span class='ocrx_word' id='word_1_826' title='bbox 1232 1518 1315 1563; x_wconf 85' lang='lat' dir='ltr'>juris</span> <span class='ocrx_word' id='word_1_827' title='bbox 1344 1517 1517 1551; x_wconf 80' lang='lat' dir='ltr'>conclusio</span> <span class='ocrx_word' id='word_1_828' title='bbox 1533 1543 1542 1556; x_wconf 84' lang='lat'>,</span> <span class='ocrx_word' id='word_1_829' title='bbox 1558 1519 1656 1563; x_wconf 75' lang='lat' dir='ltr'>quod</span> <span class='ocrx_word' id='word_1_830' title='bbox 1671 1518 1808 1554; x_wconf 76' lang='lat' dir='ltr'>debitur</span> <span class='ocrx_word' id='word_1_831' title='bbox 1823 1531 1890 1552; x_wconf 83' lang='lat' dir='ltr'>non</span> <span class='ocrx_word' id='word_1_832' title='bbox 1909 1522 2020 1565; x_wconf 80' lang='lat' dir='ltr'>potest</span> <span class='ocrx_word' id='word_1_833' title='bbox 2036 1523 2129 1556; x_wconf 87' lang='lat' dir='ltr'>aliud</span> 
     </span>
     <span class='ocr_line' id='line_1_107' title="bbox 1167 1564 2129 1611; baseline 0.006 -13"><span class='ocrx_word' id='word_1_834' title='bbox 1167 1577 1229 1611; x_wconf 90' lang='lat' dir='ltr'>pro</span> <span class='ocrx_word' id='word_1_835' title='bbox 1248 1566 1315 1600; x_wconf 88' lang='lat' dir='ltr'>alio</span> <span class='ocrx_word' id='word_1_836' title='bbox 1336 1565 1445 1600; x_wconf 68' lang='lat' dir='ltr'>invito</span> <span class='ocrx_word' id='word_1_837' title='bbox 1463 1564 1632 1599; x_wconf 83' lang='lat' dir='ltr'>creditore</span> <span class='ocrx_word' id='word_1_838' title='bbox 1645 1593 1654 1607; x_wconf 92' lang='lat'>,</span> <span class='ocrx_word' id='word_1_839' title='bbox 1681 1567 1809 1601; x_wconf 86' lang='lat' dir='ltr'>solvere</span> <span class='ocrx_word' id='word_1_840' title='bbox 1823 1568 1920 1601; x_wconf 85' lang='lat' dir='ltr'>etiam</span> <span class='ocrx_word' id='word_1_841' title='bbox 1938 1568 1960 1601; x_wconf 87' lang='lat' dir='ltr'>si</span> <span class='ocrx_word' id='word_1_842' title='bbox 1980 1568 2017 1603; x_wconf 83' lang='lat' dir='ltr'>sit</span> <span class='ocrx_word' id='word_1_843' title='bbox 2033 1570 2129 1604; x_wconf 83' lang='lat' dir='ltr'>debi-</span> 
     </span>
     <span class='ocr_line' id='line_1_108' title="bbox 1168 1613 2131 1660; baseline 0.004 -12"><span class='ocrx_word' id='word_1_844' title='bbox 1168 1623 1222 1648; x_wconf 90' lang='lat' dir='ltr'>tor</span> <span class='ocrx_word' id='word_1_845' title='bbox 1241 1613 1439 1660; x_wconf 82' lang='lat' dir='ltr'>quantitatis</span> <span class='ocrx_word' id='word_1_846' title='bbox 1452 1639 1460 1654; x_wconf 89' lang='lat'>‚</span> <span class='ocrx_word' id='word_1_847' title='bbox 1476 1613 1616 1660; x_wconf 86' lang='lat' dir='ltr'>quando</span> <span class='ocrx_word' id='word_1_848' title='bbox 1632 1616 1784 1649; x_wconf 86' lang='lat' dir='ltr'>creditor</span> <span class='ocrx_word' id='word_1_849' title='bbox 1798 1626 1837 1648; x_wconf 85' lang='lat' dir='ltr'>ex</span> <span class='ocrx_word' id='word_1_850' title='bbox 1853 1615 1917 1648; x_wconf 84' lang='lat' dir='ltr'>hac</span> <span class='ocrx_word' id='word_1_851' title='bbox 1932 1616 2058 1650; x_wconf 86' lang='lat' dir='ltr'>diversa</span> <span class='ocrx_word' id='word_1_852' title='bbox 2073 1617 2131 1653; x_wconf 60' lang='lat' dir='ltr'>soa-</span> 
     </span>
     <span class='ocr_line' id='line_1_109' title="bbox 1166 1660 2126 1707; baseline 0.004 -12"><span class='ocrx_word' id='word_1_853' title='bbox 1166 1661 1297 1696; x_wconf 85' lang='lat' dir='ltr'>lutione</span> <span class='ocrx_word' id='word_1_854' title='bbox 1319 1660 1474 1695; x_wconf 83' lang='lat' dir='ltr'>damnum</span> <span class='ocrx_word' id='word_1_855' title='bbox 1497 1672 1667 1706; x_wconf 82' lang='lat' dir='ltr'>pateretur</span> <span class='ocrx_word' id='word_1_856' title='bbox 1697 1676 1704 1697; x_wconf 90' lang='lat'>:</span> <span class='ocrx_word' id='word_1_857' title='bbox 1733 1675 1771 1698; x_wconf 89' lang='lat' dir='ltr'>ut</span> <span class='ocrx_word' id='word_1_858' title='bbox 1791 1675 1830 1697; x_wconf 85' lang='lat' dir='ltr'>ex</span> <span class='ocrx_word' id='word_1_859' title='bbox 1854 1665 2024 1707; x_wconf 85' lang='lat' dir='ltr'>communi</span> <span class='ocrx_word' id='word_1_860' title='bbox 2051 1678 2126 1699; x_wconf 92' lang='lat' dir='ltr'>om-</span> 
     </span>
     <span class='ocr_line' id='line_1_110' title="bbox 1166 1709 2124 1759; baseline 0.004 -17"><span class='ocrx_word' id='word_1_861' title='bbox 1166 1710 1256 1744; x_wconf 87' lang='lat' dir='ltr'>nium</span> <span class='ocrx_word' id='word_1_862' title='bbox 1284 1709 1441 1744; x_wconf 77' lang='lat' dir='ltr'>sententia</span> <span class='ocrx_word' id='word_1_863' title='bbox 1463 1709 1596 1743; x_wconf 81' lang='lat' dir='ltr'>secutus</span> <span class='ocrx_word' id='word_1_864' title='bbox 1615 1709 1684 1744; x_wconf 86' lang='lat' dir='ltr'>sum</span> <span class='ocrx_word' id='word_1_865' title='bbox 1700 1713 1802 1759; x_wconf 78' lang='lat' dir='ltr'>fitpra</span> <span class='ocrx_word' id='word_1_866' title='bbox 1824 1712 1911 1759; x_wconf 86' lang='lat' dir='ltr'><strong>gl.3.</strong></span> <span class='ocrx_word' id='word_1_867' title='bbox 1927 1723 2064 1748; x_wconf 58' lang='lat' dir='ltr'>muriz.</span> <span class='ocrx_word' id='word_1_868' title='bbox 2089 1715 2124 1751; x_wconf 59' lang='grc' dir='ltr'>(β’</span> 
     </span>
     <span class='ocr_line' id='line_1_111' title="bbox 1155 1757 1707 1805; baseline 0.004 -15"><span class='ocrx_word' id='word_1_869' title='bbox 1155 1759 1264 1805; x_wconf 81' lang='lat' dir='ltr'>supra</span> <span class='ocrx_word' id='word_1_870' title='bbox 1285 1757 1347 1791; x_wconf 73' lang='lat' dir='ltr'>hac</span> <span class='ocrx_word' id='word_1_871' title='bbox 1373 1757 1581 1805; x_wconf 79' lang='lat' dir='ltr'>ead.gl.sub</span> <span class='ocrx_word' id='word_1_872' title='bbox 1598 1769 1707 1792; x_wconf 82' lang='lat' dir='ltr'>n.102.</span> 
     </span>
    </p>

    <p class='ocr_par' dir='ltr' id='par_1_27' title="bbox 1155 1804 2129 3394">
     <span class='ocr_line' id='line_1_112' title="bbox 1213 1804 2125 1855; baseline 0.005 -16"><span class='ocrx_word' id='word_1_873' title='bbox 1213 1804 1281 1839; x_wconf 89' lang='lat' dir='ltr'>Sed</span> <span class='ocrx_word' id='word_1_874' title='bbox 1311 1805 1461 1838; x_wconf 87' lang='lat' dir='ltr'>creditor</span> <span class='ocrx_word' id='word_1_875' title='bbox 1483 1816 1629 1839; x_wconf 82' lang='lat' dir='ltr'>monetae</span> <span class='ocrx_word' id='word_1_876' title='bbox 1653 1805 1778 1852; x_wconf 74' lang='lat' dir='ltr'>grossa:</span> <span class='ocrx_word' id='word_1_877' title='bbox 1802 1833 1812 1849; x_wconf 91' lang='lat'>‚</span> <span class='ocrx_word' id='word_1_878' title='bbox 1843 1807 1877 1841; x_wconf 89' lang='lat' dir='ltr'>id</span> <span class='ocrx_word' id='word_1_879' title='bbox 1904 1808 1950 1842; x_wconf 85' lang='lat' dir='ltr'>est</span> <span class='ocrx_word' id='word_1_880' title='bbox 1978 1821 2092 1848; x_wconf 81' lang='lat' dir='ltr'>aureae</span> <span class='ocrx_word' id='word_1_881' title='bbox 2114 1839 2125 1855; x_wconf 81' lang='lat'>,</span> 
     </span>
     <span class='ocr_line' id='line_1_113' title="bbox 1166 1852 2126 1902; baseline 0.004 -17"><span class='ocrx_word' id='word_1_882' title='bbox 1166 1852 1220 1886; x_wconf 89' lang='lat' dir='ltr'>seu</span> <span class='ocrx_word' id='word_1_883' title='bbox 1245 1863 1414 1899; x_wconf 84' lang='lat' dir='ltr'>argenteae</span> <span class='ocrx_word' id='word_1_884' title='bbox 1442 1865 1508 1886; x_wconf 87' lang='lat' dir='ltr'>non</span> <span class='ocrx_word' id='word_1_885' title='bbox 1532 1856 1769 1890; x_wconf 68' lang='lat' dir='ltr'>contaminatae</span> <span class='ocrx_word' id='word_1_886' title='bbox 1787 1882 1796 1895; x_wconf 88' lang='lat'>,</span> <span class='ocrx_word' id='word_1_887' title='bbox 1823 1854 1846 1888; x_wconf 82' lang='lat' dir='ltr'>fi</span> <span class='ocrx_word' id='word_1_888' title='bbox 1871 1866 2052 1902; x_wconf 76' lang='lat' dir='ltr'>cogeretur</span> <span class='ocrx_word' id='word_1_889' title='bbox 2069 1874 2126 1895; x_wconf 76' lang='lat' dir='ltr'>ac..</span> 
     </span>
     <span class='ocr_line' id='line_1_114' title="bbox 1164 1901 2126 1953; baseline 0.003 -18"><span class='ocrx_word' id='word_1_890' title='bbox 1164 1901 1277 1947; x_wconf 87' lang='lat' dir='ltr'>cipere</span> <span class='ocrx_word' id='word_1_891' title='bbox 1314 1913 1480 1935; x_wconf 83' lang='lat' dir='ltr'>monetam</span> <span class='ocrx_word' id='word_1_892' title='bbox 1511 1901 1668 1935; x_wconf 82' lang='lat' dir='ltr'>minutam</span> <span class='ocrx_word' id='word_1_893' title='bbox 1701 1914 1826 1938; x_wconf 82' lang='lat' dir='ltr'>aeneam</span> <span class='ocrx_word' id='word_1_894' title='bbox 1857 1929 1866 1943; x_wconf 88' lang='lat'>,</span> <span class='ocrx_word' id='word_1_895' title='bbox 1897 1907 2126 1953; x_wconf 56' lang='lat' dir='ltr'>multiplicfier</span> 
     </span>
     <span class='ocr_line' id='line_1_115' title="bbox 1165 1949 2123 1998; baseline 0.008 -16"><span class='ocrx_word' id='word_1_896' title='bbox 1165 1960 1336 1995; x_wconf 84' lang='lat' dir='ltr'>pateretur</span> <span class='ocrx_word' id='word_1_897' title='bbox 1364 1950 1515 1983; x_wconf 75' lang='lat' dir='ltr'>damnum</span> <span class='ocrx_word' id='word_1_898' title='bbox 1548 1962 1555 1983; x_wconf 90' lang='lat'>:</span> <span class='ocrx_word' id='word_1_899' title='bbox 1584 1949 1690 1993; x_wconf 74' lang='lat' dir='ltr'>primo</span> <span class='ocrx_word' id='word_1_900' title='bbox 1710 1977 1719 1990; x_wconf 96' lang='lat'>,</span> <span class='ocrx_word' id='word_1_901' title='bbox 1747 1951 1824 1998; x_wconf 83' lang='lat' dir='ltr'>quia</span> <span class='ocrx_word' id='word_1_902' title='bbox 1850 1951 1882 1985; x_wconf 85' lang='lat' dir='ltr'>in</span> <span class='ocrx_word' id='word_1_903' title='bbox 1911 1952 1969 1986; x_wconf 83' lang='lat' dir='ltr'>ista</span> <span class='ocrx_word' id='word_1_904' title='bbox 1989 1967 2123 1991; x_wconf 79' lang='lat' dir='ltr'>moneta</span> 
     </span>
     <span class='ocr_line' id='line_1_116' title="bbox 1165 1996 2124 2042; baseline 0.009 -12"><span class='ocrx_word' id='word_1_905' title='bbox 1165 1997 1291 2032; x_wconf 84' lang='lat' dir='ltr'>minuta</span> <span class='ocrx_word' id='word_1_906' title='bbox 1308 2006 1400 2034; x_wconf 72' lang='lat' dir='ltr'>aenea</span> <span class='ocrx_word' id='word_1_907' title='bbox 1424 1996 1539 2031; x_wconf 86' lang='lat' dir='ltr'>deficit</span> <span class='ocrx_word' id='word_1_908' title='bbox 1563 1997 1696 2032; x_wconf 79' lang='lat' dir='ltr'>bonitas</span> <span class='ocrx_word' id='word_1_909' title='bbox 1715 1999 1889 2034; x_wconf 72' lang='lat' dir='ltr'>intrinseca</span> <span class='ocrx_word' id='word_1_910' title='bbox 1907 2027 1917 2042; x_wconf 89' lang='lat'>,</span> <span class='ocrx_word' id='word_1_911' title='bbox 1943 2002 1976 2035; x_wconf 84' lang='lat'>&amp;</span> <span class='ocrx_word' id='word_1_912' title='bbox 2002 2005 2124 2038; x_wconf 86' lang='lat' dir='ltr'>extrin-</span> 
     </span>
     <span class='ocr_line' id='line_1_117' title="bbox 1164 2044 2122 2092; baseline 0.007 -14"><span class='ocrx_word' id='word_1_913' title='bbox 1164 2044 1236 2079; x_wconf 84' lang='lat' dir='ltr'>seca</span> <span class='ocrx_word' id='word_1_914' title='bbox 1263 2059 1270 2080; x_wconf 89' lang='lat'>:</span> <span class='ocrx_word' id='word_1_915' title='bbox 1296 2044 1447 2079; x_wconf 90' lang='lat' dir='ltr'>secundo</span> <span class='ocrx_word' id='word_1_916' title='bbox 1465 2071 1473 2085; x_wconf 95' lang='lat'>,</span> <span class='ocrx_word' id='word_1_917' title='bbox 1502 2045 1581 2092; x_wconf 80' lang='lat' dir='ltr'>quia</span> <span class='ocrx_word' id='word_1_918' title='bbox 1606 2044 1638 2078; x_wconf 87' lang='lat' dir='ltr'>in</span> <span class='ocrx_word' id='word_1_919' title='bbox 1663 2049 1738 2092; x_wconf 84' lang='lat' dir='ltr'>ejus</span> <span class='ocrx_word' id='word_1_920' title='bbox 1764 2049 1951 2083; x_wconf 84' lang='lat' dir='ltr'>minutatim</span> <span class='ocrx_word' id='word_1_921' title='bbox 1972 2050 2122 2086; x_wconf 79' lang='lat' dir='ltr'>dinume-</span> 
     </span>
     <span class='ocr_line' id='line_1_118' title="bbox 1165 2092 2124 2141; baseline 0.01 -15"><span class='ocrx_word' id='word_1_922' title='bbox 1165 2093 1294 2128; x_wconf 89' lang='lat' dir='ltr'>ratione</span> <span class='ocrx_word' id='word_1_923' title='bbox 1322 2093 1463 2127; x_wconf 82' lang='lat' dir='ltr'>mulium</span> <span class='ocrx_word' id='word_1_924' title='bbox 1489 2092 1695 2128; x_wconf 86' lang='lat' dir='ltr'>consumitur</span> <span class='ocrx_word' id='word_1_925' title='bbox 1722 2097 1881 2141; x_wconf 87' lang='lat' dir='ltr'>temporis</span> <span class='ocrx_word' id='word_1_926' title='bbox 1898 2123 1906 2136; x_wconf 88' lang='lat'>,</span> <span class='ocrx_word' id='word_1_927' title='bbox 1932 2099 1966 2132; x_wconf 68' lang='grc' dir='ltr'>ὃς</span> <span class='ocrx_word' id='word_1_928' title='bbox 1993 2098 2124 2136; x_wconf 77' lang='lat' dir='ltr'>facilius</span> 
     </span>
     <span class='ocr_line' id='line_1_119' title="bbox 1165 2140 2125 2195; baseline 0.007 -20"><span class='ocrx_word' id='word_1_929' title='bbox 1165 2140 1290 2176; x_wconf 86' lang='lat' dir='ltr'>fallitur</span> <span class='ocrx_word' id='word_1_930' title='bbox 1316 2154 1323 2176; x_wconf 90' lang='lat'>:</span> <span class='ocrx_word' id='word_1_931' title='bbox 1352 2140 1454 2175; x_wconf 84' lang='lat' dir='ltr'>tertio</span> <span class='ocrx_word' id='word_1_932' title='bbox 1475 2168 1484 2181; x_wconf 92' lang='lat'>,</span> <span class='ocrx_word' id='word_1_933' title='bbox 1516 2141 1596 2188; x_wconf 83' lang='lat' dir='ltr'>quia</span> <span class='ocrx_word' id='word_1_934' title='bbox 1628 2142 1673 2175; x_wconf 76' lang='lat' dir='ltr'>eit</span> <span class='ocrx_word' id='word_1_935' title='bbox 1700 2144 1920 2190; x_wconf 74' lang='lat' dir='ltr'>ponderosior</span> <span class='ocrx_word' id='word_1_936' title='bbox 1947 2172 1956 2186; x_wconf 95' lang='lat'>,</span> <span class='ocrx_word' id='word_1_937' title='bbox 1989 2149 2022 2182; x_wconf 70' lang='grc' dir='ltr'>ὅς</span> <span class='ocrx_word' id='word_1_938' title='bbox 2049 2149 2125 2195; x_wconf 82' lang='lat' dir='ltr'>plus</span> 
     </span>
     <span class='ocr_line' id='line_1_120' title="bbox 1165 2189 2125 2242; baseline 0.004 -20"><span class='ocrx_word' id='word_1_939' title='bbox 1165 2189 1234 2224; x_wconf 86' lang='lat' dir='ltr'>loci</span> <span class='ocrx_word' id='word_1_940' title='bbox 1257 2201 1408 2234; x_wconf 76' lang='lat' dir='ltr'>occupat</span> <span class='ocrx_word' id='word_1_941' title='bbox 1431 2215 1440 2229; x_wconf 91' lang='lat'>,</span> <span class='ocrx_word' id='word_1_942' title='bbox 1470 2190 1502 2223; x_wconf 74' lang='grc' dir='ltr'>ὅ(</span> <span class='ocrx_word' id='word_1_943' title='bbox 1529 2189 1697 2224; x_wconf 68' lang='lat' dir='ltr'>difficilius</span> <span class='ocrx_word' id='word_1_944' title='bbox 1716 2218 1725 2232; x_wconf 95' lang='lat'>,</span> <span class='ocrx_word' id='word_1_945' title='bbox 1751 2193 1940 2239; x_wconf 78' lang='lat' dir='ltr'>majorique</span> <span class='ocrx_word' id='word_1_946' title='bbox 1964 2207 2038 2229; x_wconf 93' lang='lat' dir='ltr'>curn</span> <span class='ocrx_word' id='word_1_947' title='bbox 2067 2210 2125 2242; x_wconf 81' lang='lat' dir='ltr'>pe..</span> 
     </span>
     <span class='ocr_line' id='line_1_121' title="bbox 1165 2236 2126 2287; baseline 0.003 -15"><span class='ocrx_word' id='word_1_948' title='bbox 1165 2237 1274 2273; x_wconf 87' lang='lat' dir='ltr'>riculo</span> <span class='ocrx_word' id='word_1_949' title='bbox 1300 2236 1537 2282; x_wconf 81' lang='lat' dir='ltr'>transportatur</span> <span class='ocrx_word' id='word_1_950' title='bbox 1565 2249 1573 2270; x_wconf 88' lang='grc'>;</span> <span class='ocrx_word' id='word_1_951' title='bbox 1600 2249 1723 2284; x_wconf 78' lang='lat' dir='ltr'>quarto</span> <span class='ocrx_word' id='word_1_952' title='bbox 1746 2265 1756 2280; x_wconf 95' lang='lat'>,</span> <span class='ocrx_word' id='word_1_953' title='bbox 1784 2241 1864 2287; x_wconf 88' lang='lat' dir='ltr'>quia</span> <span class='ocrx_word' id='word_1_954' title='bbox 1893 2254 2038 2279; x_wconf 83' lang='lat' dir='ltr'>moneiae</span> <span class='ocrx_word' id='word_1_955' title='bbox 2064 2246 2126 2280; x_wconf 82' lang='lat' dir='ltr'>mi-</span> 
     </span>
     <span class='ocr_line' id='line_1_122' title="bbox 1165 2285 2123 2336; baseline 0.006 -16"><span class='ocrx_word' id='word_1_956' title='bbox 1165 2297 1260 2321; x_wconf 82' lang='lat' dir='ltr'>nutae</span> <span class='ocrx_word' id='word_1_957' title='bbox 1304 2286 1397 2319; x_wconf 81' lang='lat' dir='ltr'>valor</span> <span class='ocrx_word' id='word_1_958' title='bbox 1431 2285 1682 2333; x_wconf 77' lang='lat' dir='ltr'>angustioribus</span> <span class='ocrx_word' id='word_1_959' title='bbox 1721 2287 1844 2323; x_wconf 84' lang='lat' dir='ltr'>finibus</span> <span class='ocrx_word' id='word_1_960' title='bbox 1888 2291 2081 2325; x_wconf 77' lang='lat' dir='ltr'>terminatur</span> <span class='ocrx_word' id='word_1_961' title='bbox 2114 2321 2123 2336; x_wconf 85' lang='lat'>,</span> 
     </span>
     <span class='ocr_line' id='line_1_123' title="bbox 1166 2334 2124 2388; baseline 0.003 -20"><span class='ocrx_word' id='word_1_962' title='bbox 1166 2334 1292 2368; x_wconf 69' lang='lat' dir='ltr'>Matth.</span> <span class='ocrx_word' id='word_1_963' title='bbox 1322 2334 1426 2369; x_wconf 82' lang='lat' dir='ltr'>Coler.</span> <span class='ocrx_word' id='word_1_964' title='bbox 1446 2334 1481 2367; x_wconf 89' lang='lat' dir='ltr'>d.</span> <span class='ocrx_word' id='word_1_965' title='bbox 1508 2346 1578 2381; x_wconf 84' lang='lat' dir='ltr'>cap.</span> <span class='ocrx_word' id='word_1_966' title='bbox 1603 2346 1655 2367; x_wconf 84' lang='lat'>10.</span> <span class='ocrx_word' id='word_1_967' title='bbox 1673 2348 1794 2383; x_wconf 75' lang='lat' dir='ltr'>num-7.</span> <span class='ocrx_word' id='word_1_968' title='bbox 1815 2336 1849 2372; x_wconf 57' lang='grc' dir='ltr'>(θ’</span> <span class='ocrx_word' id='word_1_969' title='bbox 1877 2339 1908 2371; x_wconf 83' lang='grc'>8.</span> <span class='ocrx_word' id='word_1_970' title='bbox 1933 2339 1967 2374; x_wconf 66' lang='lat' dir='ltr'>(J</span> <span class='ocrx_word' id='word_1_971' title='bbox 1993 2339 2069 2388; x_wconf 59' lang='lat' dir='ltr'>Teff.</span> <span class='ocrx_word' id='word_1_972' title='bbox 2088 2343 2124 2376; x_wconf 82' lang='lat' dir='ltr'>d,</span> 
     </span>
     <span class='ocr_line' id='line_1_124' title="bbox 1161 2382 2126 2434; baseline 0.005 -19"><span class='ocrx_word' id='word_1_973' title='bbox 1161 2394 1238 2429; x_wconf 85' lang='lat' dir='ltr'>par.</span> <span class='ocrx_word' id='word_1_974' title='bbox 1270 2382 1374 2427; x_wconf 78' lang='lat' dir='ltr'>i.sttb</span> <span class='ocrx_word' id='word_1_975' title='bbox 1396 2392 1480 2415; x_wconf 86' lang='lat' dir='ltr'>num.</span> <span class='ocrx_word' id='word_1_976' title='bbox 1502 2394 1557 2426; x_wconf 89' lang='lat'>30.</span> <span class='ocrx_word' id='word_1_977' title='bbox 1584 2382 1719 2417; x_wconf 86' lang='lat' dir='ltr'>accedit</span> <span class='ocrx_word' id='word_1_978' title='bbox 1745 2384 1841 2418; x_wconf 82' lang='lat' dir='ltr'>etiarn</span> <span class='ocrx_word' id='word_1_979' title='bbox 1862 2411 1871 2425; x_wconf 92' lang='lat'>,</span> <span class='ocrx_word' id='word_1_980' title='bbox 1901 2388 1998 2433; x_wconf 79' lang='lat' dir='ltr'>quod</span> <span class='ocrx_word' id='word_1_981' title='bbox 2021 2382 2126 2434; x_wconf 55' lang='lat' dir='ltr'>pecu&#39;.</span> 
     </span>
     <span class='ocr_line' id='line_1_125' title="bbox 1166 2428 2127 2484; baseline 0.008 -21"><span class='ocrx_word' id='word_1_982' title='bbox 1166 2430 1219 2464; x_wconf 83' lang='lat' dir='ltr'>nia</span> <span class='ocrx_word' id='word_1_983' title='bbox 1249 2429 1377 2476; x_wconf 82' lang='lat' dir='ltr'>duplici</span> <span class='ocrx_word' id='word_1_984' title='bbox 1415 2428 1543 2464; x_wconf 81' lang='lat' dir='ltr'>ratione</span> <span class='ocrx_word' id='word_1_985' title='bbox 1575 2429 1718 2464; x_wconf 84' lang='lat' dir='ltr'>habetur</span> <span class='ocrx_word' id='word_1_986' title='bbox 1753 2431 1787 2465; x_wconf 76' lang='lat' dir='ltr'>in&#39;</span> <span class='ocrx_word' id='word_1_987' title='bbox 1819 2434 1973 2478; x_wconf 88' lang='lat' dir='ltr'>pretio·;</span> <span class='ocrx_word' id='word_1_988' title='bbox 2007 2448 2127 2484; x_wconf 86' lang='lat' dir='ltr'>nempe</span> 
     </span>
     <span class='ocr_line' id='line_1_126' title="bbox 1168 2479 2127 2530; baseline 0.007 -18"><span class='ocrx_word' id='word_1_989' title='bbox 1168 2489 1326 2525; x_wconf 81' lang='lat' dir='ltr'>tanquam</span> <span class='ocrx_word' id='word_1_990' title='bbox 1355 2489 1405 2511; x_wconf 89' lang='lat' dir='ltr'>res</span> <span class='ocrx_word' id='word_1_991' title='bbox 1430 2503 1440 2517; x_wconf 84' lang='lat'>,</span> <span class='ocrx_word' id='word_1_992' title='bbox 1471 2479 1504 2512; x_wconf 71' lang='grc' dir='ltr'>ὅ(</span> <span class='ocrx_word' id='word_1_993' title='bbox 1543 2489 1699 2524; x_wconf 74' lang='lat' dir='ltr'>tanquam</span> <span class='ocrx_word' id='word_1_994' title='bbox 1730 2481 1885 2514; x_wconf 75' lang='lat' dir='ltr'>numisma</span> <span class='ocrx_word' id='word_1_995' title='bbox 1920 2482 2081 2528; x_wconf 64' lang='lat' dir='ltr'>figuratum</span> <span class='ocrx_word' id='word_1_996' title='bbox 2113 2499 2127 2530; x_wconf 86' lang='lat'>;</span> 
     </span>
     <span class='ocr_line' id='line_1_127' title="bbox 1168 2526 2127 2573; baseline 0.004 -14"><span class='ocrx_word' id='word_1_997' title='bbox 1168 2538 1273 2573; x_wconf 82' lang='lat' dir='ltr'>quare</span> <span class='ocrx_word' id='word_1_998' title='bbox 1292 2537 1366 2561; x_wconf 88' lang='lat' dir='ltr'>cum</span> <span class='ocrx_word' id='word_1_999' title='bbox 1390 2536 1506 2559; x_wconf 88' lang='lat' dir='ltr'>aurum</span> <span class='ocrx_word' id='word_1_1000' title='bbox 1534 2526 1641 2560; x_wconf 83' lang='lat' dir='ltr'>valeat</span> <span class='ocrx_word' id='word_1_1001' title='bbox 1663 2527 1704 2560; x_wconf 92' lang='lat' dir='ltr'>ad</span> <span class='ocrx_word' id='word_1_1002' title='bbox 1730 2527 1954 2564; x_wconf 77' lang='lat' dir='ltr'>deaurandum</span> <span class='ocrx_word' id='word_1_1003' title='bbox 1971 2558 1980 2572; x_wconf 86' lang='lat'>,</span> <span class='ocrx_word' id='word_1_1004' title='bbox 2004 2533 2045 2565; x_wconf 75' lang='lat' dir='ltr'>tid</span> <span class='ocrx_word' id='word_1_1005' title='bbox 2071 2547 2127 2568; x_wconf 76' lang='lat' dir='ltr'>or-</span> 
     </span>
     <span class='ocr_line' id='line_1_128' title="bbox 1168 2574 2126 2619; baseline 0.005 -11"><span class='ocrx_word' id='word_1_1006' title='bbox 1168 2585 1356 2608; x_wconf 78' lang='lat' dir='ltr'>namentum</span> <span class='ocrx_word' id='word_1_1007' title='bbox 1377 2601 1386 2616; x_wconf 95' lang='lat'>,</span> <span class='ocrx_word' id='word_1_1008' title='bbox 1423 2574 1456 2608; x_wconf 73' lang='grc' dir='ltr'>ὅ(</span> <span class='ocrx_word' id='word_1_1009' title='bbox 1484 2574 1689 2608; x_wconf 84' lang='lat' dir='ltr'>medicamen</span> <span class='ocrx_word' id='word_1_1010' title='bbox 1715 2575 1966 2612; x_wconf 78' lang='lat' dir='ltr'>conficiendum</span> <span class='ocrx_word' id='word_1_1011' title='bbox 1984 2606 1992 2619; x_wconf 87' lang='lat'>,</span> <span class='ocrx_word' id='word_1_1012' title='bbox 2025 2582 2058 2616; x_wconf 67' lang='grc' dir='ltr'>ὃς</span> <span class='ocrx_word' id='word_1_1013' title='bbox 2085 2583 2126 2618; x_wconf 64' lang='lat' dir='ltr'>ad</span> 
     </span>
     <span class='ocr_line' id='line_1_129' title="bbox 1169 2620 2126 2670; baseline 0.006 -15"><span class='ocrx_word' id='word_1_1014' title='bbox 1169 2623 1252 2656; x_wconf 83' lang='lat' dir='ltr'>alios</span> <span class='ocrx_word' id='word_1_1015' title='bbox 1275 2623 1372 2663; x_wconf 76' lang='lat' dir='ltr'>usuS,</span> <span class='ocrx_word' id='word_1_1016' title='bbox 1399 2620 1441 2654; x_wconf 85' lang='lat' dir='ltr'>ad</span> <span class='ocrx_word' id='word_1_1017' title='bbox 1462 2633 1547 2667; x_wconf 80' lang='lat' dir='ltr'>quos</span> <span class='ocrx_word' id='word_1_1018' title='bbox 1571 2622 1722 2657; x_wconf 85' lang='lat' dir='ltr'>nativum</span> <span class='ocrx_word' id='word_1_1019' title='bbox 1745 2624 1844 2658; x_wconf 76' lang='lat' dir='ltr'>habet</span> <span class='ocrx_word' id='word_1_1020' title='bbox 1866 2625 2097 2669; x_wconf 79' lang='lat' dir='ltr'>juvamentum</span> <span class='ocrx_word' id='word_1_1021' title='bbox 2117 2658 2126 2670; x_wconf 83' lang='grc'><strong>,</strong></span> 
     </span>
     <span class='ocr_line' id='line_1_130' title="bbox 1168 2670 2129 2717; baseline 0.008 -14"><span class='ocrx_word' id='word_1_1022' title='bbox 1168 2670 1315 2704; x_wconf 73' lang='lat' dir='ltr'>ducatus</span> <span class='ocrx_word' id='word_1_1023' title='bbox 1328 2681 1448 2705; x_wconf 83' lang='lat' dir='ltr'>aureus</span> <span class='ocrx_word' id='word_1_1024' title='bbox 1464 2670 1526 2703; x_wconf 85' lang='lat' dir='ltr'>liae</span> <span class='ocrx_word' id='word_1_1025' title='bbox 1549 2670 1678 2704; x_wconf 83' lang='lat' dir='ltr'>ratione</span> <span class='ocrx_word' id='word_1_1026' title='bbox 1702 2672 1812 2717; x_wconf 81' lang='lat' dir='ltr'>potest</span> <span class='ocrx_word' id='word_1_1027' title='bbox 1839 2673 1871 2705; x_wconf 77' lang='lat' dir='ltr'>in</span> <span class='ocrx_word' id='word_1_1028' title='bbox 1897 2674 2024 2709; x_wconf 81' lang='lat' dir='ltr'>ratione</span> <span class='ocrx_word' id='word_1_1029' title='bbox 2043 2689 2129 2713; x_wconf 74' lang='lat' dir='ltr'>cam-</span> 
     </span>
     <span class='ocr_line' id='line_1_131' title="bbox 1167 2717 2126 2767; baseline 0.007 -16"><span class='ocrx_word' id='word_1_1030' title='bbox 1167 2718 1210 2751; x_wconf 86' lang='lat' dir='ltr'>bii</span> <span class='ocrx_word' id='word_1_1031' title='bbox 1234 2719 1386 2752; x_wconf 75' lang='lat' dir='ltr'>aestimari</span> <span class='ocrx_word' id='word_1_1032' title='bbox 1403 2717 1530 2764; x_wconf 70' lang='lat' dir='ltr'>aliquid</span> <span class='ocrx_word' id='word_1_1033' title='bbox 1554 2729 1666 2763; x_wconf 66' lang='lat' dir='ltr'>patrum</span> <span class='ocrx_word' id='word_1_1034' title='bbox 1684 2718 1778 2764; x_wconf 82' lang='lat' dir='ltr'>supra</span> <span class='ocrx_word' id='word_1_1035' title='bbox 1803 2721 1947 2754; x_wconf 78' lang='lat' dir='ltr'>valorem</span> <span class='ocrx_word' id='word_1_1036' title='bbox 1967 2724 2126 2767; x_wconf 74' lang='lat' dir='ltr'>legalem,</span> 
     </span>
     <span class='ocr_line' id='line_1_132' title="bbox 1166 2765 2126 2818; baseline 0.005 -18"><span class='ocrx_word' id='word_1_1037' title='bbox 1166 2766 1200 2800; x_wconf 88' lang='lat' dir='ltr'>id</span> <span class='ocrx_word' id='word_1_1038' title='bbox 1227 2766 1271 2800; x_wconf 83' lang='lat' dir='ltr'>est</span> <span class='ocrx_word' id='word_1_1039' title='bbox 1290 2794 1299 2806; x_wconf 92' lang='lat'>,</span> <span class='ocrx_word' id='word_1_1040' title='bbox 1322 2765 1438 2812; x_wconf 72' lang='lat' dir='ltr'>signati</span> <span class='ocrx_word' id='word_1_1041' title='bbox 1463 2765 1662 2800; x_wconf 75' lang='lat' dir='ltr'>numismatis</span> <span class='ocrx_word' id='word_1_1042' title='bbox 1680 2793 1689 2807; x_wconf 83' lang='lat'>,</span> <span class='ocrx_word' id='word_1_1043' title='bbox 1715 2769 1902 2802; x_wconf 83' lang='lat' dir='ltr'>dummodo</span> <span class='ocrx_word' id='word_1_1044' title='bbox 1929 2771 2010 2804; x_wconf 68' lang='lat' dir='ltr'>illut-l</span> <span class='ocrx_word' id='word_1_1045' title='bbox 2033 2772 2126 2818; x_wconf 78' lang='lat' dir='ltr'>supra</span> 
     </span>
     <span class='ocr_line' id='line_1_133' title="bbox 1165 2814 2124 2859; baseline 0.005 -11"><span class='ocrx_word' id='word_1_1046' title='bbox 1165 2826 1233 2848; x_wconf 82' lang='lat' dir='ltr'>non</span> <span class='ocrx_word' id='word_1_1047' title='bbox 1252 2814 1287 2849; x_wconf 72' lang='lat' dir='ltr'>fit</span> <span class='ocrx_word' id='word_1_1048' title='bbox 1308 2814 1364 2848; x_wconf 85' lang='lat' dir='ltr'>nisi</span> <span class='ocrx_word' id='word_1_1049' title='bbox 1386 2815 1545 2859; x_wconf 78' lang='lat' dir='ltr'>exiguum</span> <span class='ocrx_word' id='word_1_1050' title='bbox 1561 2840 1570 2854; x_wconf 86' lang='lat'>,</span> <span class='ocrx_word' id='word_1_1051' title='bbox 1591 2825 1628 2850; x_wconf 87' lang='lat' dir='ltr'>ut</span> <span class='ocrx_word' id='word_1_1052' title='bbox 1645 2826 1684 2848; x_wconf 84' lang='lat' dir='ltr'>ex</span> <span class='ocrx_word' id='word_1_1053' title='bbox 1699 2818 1816 2849; x_wconf 53' lang='lat' dir='ltr'>Cottar.</span> <span class='ocrx_word' id='word_1_1054' title='bbox 1845 2818 1978 2852; x_wconf 47' lang='grc' dir='ltr'>Νικαιαν.</span> <span class='ocrx_word' id='word_1_1055' title='bbox 2005 2821 2039 2855; x_wconf 65' lang='lat' dir='ltr'>(J</span> <span class='ocrx_word' id='word_1_1056' title='bbox 2060 2824 2124 2858; x_wconf 67' lang='lat'>501.</span> 
     </span>
     <span class='ocr_line' id='line_1_134' title="bbox 1164 2861 2123 2911; baseline 0.005 -16"><span class='ocrx_word' id='word_1_1057' title='bbox 1164 2865 1254 2910; x_wconf 83' lang='lat' dir='ltr'>infra</span> <span class='ocrx_word' id='word_1_1058' title='bbox 1278 2866 1377 2897; x_wconf 66' lang='lat' dir='ltr'>citato</span> <span class='ocrx_word' id='word_1_1059' title='bbox 1401 2864 1499 2895; x_wconf 77' lang='lat' dir='ltr'>latius</span> <span class='ocrx_word' id='word_1_1060' title='bbox 1516 2862 1649 2895; x_wconf 84' lang='lat' dir='ltr'>secutus</span> <span class='ocrx_word' id='word_1_1061' title='bbox 1665 2861 1845 2909; x_wconf 78' lang='lat' dir='ltr'>sumsupra</span> <span class='ocrx_word' id='word_1_1062' title='bbox 1857 2866 1946 2911; x_wconf 81' lang='lat' dir='ltr'><strong>gl.3.</strong></span> <span class='ocrx_word' id='word_1_1063' title='bbox 1964 2867 2023 2911; x_wconf 80' lang='lat' dir='ltr'>suh</span> <span class='ocrx_word' id='word_1_1064' title='bbox 2036 2882 2123 2905; x_wconf 76' lang='lat' dir='ltr'>nmn.</span> 
     </span>
     <span class='ocr_line' id='line_1_135' title="bbox 1165 2909 2123 2956; baseline 0.005 -13"><span class='ocrx_word' id='word_1_1065' title='bbox 1165 2911 1219 2951; x_wconf 65' lang='lat'>64.</span> <span class='ocrx_word' id='word_1_1066' title='bbox 1240 2911 1320 2956; x_wconf 84' lang='lat' dir='ltr'>quia</span> <span class='ocrx_word' id='word_1_1067' title='bbox 1347 2910 1502 2954; x_wconf 80' lang='lat' dir='ltr'>Princeps</span> <span class='ocrx_word' id='word_1_1068' title='bbox 1520 2936 1529 2949; x_wconf 92' lang='lat'>,</span> <span class='ocrx_word' id='word_1_1069' title='bbox 1550 2909 1689 2956; x_wconf 85' lang='lat' dir='ltr'>quando</span> <span class='ocrx_word' id='word_1_1070' title='bbox 1709 2923 1798 2945; x_wconf 73' lang='lat' dir='ltr'>taxat</span> <span class='ocrx_word' id='word_1_1071' title='bbox 1816 2918 1958 2945; x_wconf 65' lang='lat' dir='ltr'>intorem</span> <span class='ocrx_word' id='word_1_1072' title='bbox 1977 2927 2123 2953; x_wconf 63' lang='lat' dir='ltr'>moneta:</span> 
     </span>
     <span class='ocr_line' id='line_1_136' title="bbox 1163 2958 2120 3006; baseline 0.008 -16"><span class='ocrx_word' id='word_1_1073' title='bbox 1163 2970 1276 2993; x_wconf 78' lang='lat' dir='ltr'>aureae</span> <span class='ocrx_word' id='word_1_1074' title='bbox 1293 2986 1301 2997; x_wconf 88' lang='lat'>,</span> <span class='ocrx_word' id='word_1_1075' title='bbox 1334 2970 1399 2992; x_wconf 85' lang='lat' dir='ltr'>non</span> <span class='ocrx_word' id='word_1_1076' title='bbox 1426 2967 1514 2992; x_wconf 65' lang='lat' dir='ltr'>taxat</span> <span class='ocrx_word' id='word_1_1077' title='bbox 1547 2969 1616 2991; x_wconf 76' lang='lat' dir='ltr'>earn</span> <span class='ocrx_word' id='word_1_1078' title='bbox 1643 2958 1759 3005; x_wconf 80' lang='lat' dir='ltr'>quoad</span> <span class='ocrx_word' id='word_1_1079' title='bbox 1790 2972 1905 2993; x_wconf 82' lang='lat' dir='ltr'>omnes</span> <span class='ocrx_word' id='word_1_1080' title='bbox 1927 2961 2086 2998; x_wconf 82' lang='lat' dir='ltr'>utilitates</span> <span class='ocrx_word' id='word_1_1081' title='bbox 2109 2991 2120 3006; x_wconf 88' lang='lat'>,</span> 
     </span>
     <span class='ocr_line' id='line_1_137' title="bbox 1163 3004 2120 3054; baseline 0.007 -17"><span class='ocrx_word' id='word_1_1082' title='bbox 1163 3018 1244 3054; x_wconf 70' lang='lat' dir='ltr'>quae</span> <span class='ocrx_word' id='word_1_1083' title='bbox 1265 3019 1303 3040; x_wconf 82' lang='lat' dir='ltr'>ex</span> <span class='ocrx_word' id='word_1_1084' title='bbox 1327 3017 1363 3039; x_wconf 81' lang='lat' dir='ltr'>ea</span> <span class='ocrx_word' id='word_1_1085' title='bbox 1382 3004 1462 3039; x_wconf 85' lang='lat' dir='ltr'>sumi</span> <span class='ocrx_word' id='word_1_1086' title='bbox 1477 3004 1613 3050; x_wconf 81' lang='lat' dir='ltr'>possunt</span> <span class='ocrx_word' id='word_1_1087' title='bbox 1629 3033 1637 3046; x_wconf 95' lang='lat'>,</span> <span class='ocrx_word' id='word_1_1088' title='bbox 1665 3017 1702 3040; x_wconf 90' lang='lat' dir='ltr'>ut</span> <span class='ocrx_word' id='word_1_1089' title='bbox 1726 3017 1842 3041; x_wconf 82' lang='lat' dir='ltr'>contra</span> <span class='ocrx_word' id='word_1_1090' title='bbox 1859 3008 1987 3042; x_wconf 85' lang='lat' dir='ltr'>Medin.</span> <span class='ocrx_word' id='word_1_1091' title='bbox 2007 3010 2120 3048; x_wconf 73' lang='lat' dir='ltr'>scribit</span> 
     </span>
     <span class='ocr_line' id='line_1_138' title="bbox 1164 3053 2118 3106; baseline 0.007 -22"><span class='ocrx_word' id='word_1_1092' title='bbox 1164 3059 1226 3088; x_wconf 70' lang='lat' dir='ltr'>Sor.</span> <span class='ocrx_word' id='word_1_1093' title='bbox 1245 3055 1286 3088; x_wconf 83' lang='lat' dir='ltr'>de</span> <span class='ocrx_word' id='word_1_1094' title='bbox 1297 3055 1369 3097; x_wconf 73' lang='lat' dir='ltr'>Just.</span> <span class='ocrx_word' id='word_1_1095' title='bbox 1393 3054 1426 3089; x_wconf 67' lang='lat' dir='ltr'>(J</span> <span class='ocrx_word' id='word_1_1096' title='bbox 1442 3056 1508 3096; x_wconf 79' lang='lat' dir='ltr'>jur.</span> <span class='ocrx_word' id='word_1_1097' title='bbox 1528 3053 1714 3100; x_wconf 82' lang='lat' dir='ltr'>lib.6.qu.9.</span> <span class='ocrx_word' id='word_1_1098' title='bbox 1731 3065 1795 3087; x_wconf 82' lang='lat' dir='ltr'>ari.</span> <span class='ocrx_word' id='word_1_1099' title='bbox 1812 3057 1914 3089; x_wconf 82' lang='lat' dir='ltr'>tmico.</span> <span class='ocrx_word' id='word_1_1100' title='bbox 1927 3056 2016 3093; x_wconf 61' lang='grc' dir='ltr'>ΜΖΑ.</span> <span class='ocrx_word' id='word_1_1101' title='bbox 2031 3064 2118 3106; x_wconf 78' lang='lat' dir='ltr'>vers.</span> 
     </span>
     <span class='ocr_line' id='line_1_139' title="bbox 1160 3103 2117 3150; baseline 0.005 -15"><span class='ocrx_word' id='word_1_1102' title='bbox 1160 3103 1208 3136; x_wconf 83' lang='lat' dir='ltr'>ad</span> <span class='ocrx_word' id='word_1_1103' title='bbox 1226 3103 1486 3149; x_wconf 71' lang='lat' dir='ltr'>intelligentiam.</span> <span class='ocrx_word' id='word_1_1104' title='bbox 1504 3103 1538 3137; x_wconf 68' lang='lat' dir='ltr'>v&amp;</span> <span class='ocrx_word' id='word_1_1105' title='bbox 1557 3103 1728 3148; x_wconf 83' lang='lat' dir='ltr'>col.2..f0l.</span> <span class='ocrx_word' id='word_1_1106' title='bbox 1743 3104 1819 3147; x_wconf 45' lang='lat'>⁶27·</span> <span class='ocrx_word' id='word_1_1107' title='bbox 1842 3104 1874 3136; x_wconf 67' lang='grc' dir='ltr'>ὅ(</span> <span class='ocrx_word' id='word_1_1108' title='bbox 1900 3103 2117 3150; x_wconf 74' lang='lat' dir='ltr'>multiplicem</span> 
     </span>
     <span class='ocr_line' id='line_1_140' title="bbox 1160 3148 2117 3201; baseline 0.003 -19"><span class='ocrx_word' id='word_1_1109' title='bbox 1160 3151 1315 3196; x_wconf 47' lang='lat' dir='ltr'>pecunia</span> <span class='ocrx_word' id='word_1_1110' title='bbox 1332 3149 1424 3183; x_wconf 90' lang='lat' dir='ltr'>usum</span> <span class='ocrx_word' id='word_1_1111' title='bbox 1443 3149 1475 3182; x_wconf 89' lang='lat' dir='ltr'>in</span> <span class='ocrx_word' id='word_1_1112' title='bbox 1493 3148 1558 3183; x_wconf 86' lang='lat' dir='ltr'>alio</span> <span class='ocrx_word' id='word_1_1113' title='bbox 1576 3150 1751 3195; x_wconf 77' lang='lat' dir='ltr'>proposito</span> <span class='ocrx_word' id='word_1_1114' title='bbox 1770 3150 1976 3184; x_wconf 85' lang='lat' dir='ltr'>consideravi</span> <span class='ocrx_word' id='word_1_1115' title='bbox 1993 3155 2022 3198; x_wconf 56' lang='grc' dir='ltr'>ξ.</span> <span class='ocrx_word' id='word_1_1116' title='bbox 2036 3166 2117 3201; x_wconf 67' lang='lat' dir='ltr'>prae.</span> 
     </span>
     <span class='ocr_line' id='line_1_141' title="bbox 1160 3196 2115 3244; baseline 0.007 -14"><span class='ocrx_word' id='word_1_1117' title='bbox 1160 3198 1230 3232; x_wconf 70' lang='lat' dir='ltr'>ted.</span> <span class='ocrx_word' id='word_1_1118' title='bbox 1247 3196 1385 3244; x_wconf 73' lang='lat' dir='ltr'>q.4.sub</span> <span class='ocrx_word' id='word_1_1119' title='bbox 1403 3196 1492 3230; x_wconf 80' lang='lat' dir='ltr'>n.28.</span> <span class='ocrx_word' id='word_1_1120' title='bbox 1510 3197 1659 3243; x_wconf 82' lang='lat' dir='ltr'>hincque</span> <span class='ocrx_word' id='word_1_1121' title='bbox 1674 3197 1718 3230; x_wconf 76' lang='lat' dir='ltr'>eli</span> <span class='ocrx_word' id='word_1_1122' title='bbox 1731 3224 1740 3237; x_wconf 89' lang='lat'>,</span> <span class='ocrx_word' id='word_1_1123' title='bbox 1758 3209 1794 3232; x_wconf 91' lang='lat' dir='ltr'>ut</span> <span class='ocrx_word' id='word_1_1124' title='bbox 1809 3209 2029 3244; x_wconf 80' lang='lat' dir='ltr'>mercatores,</span> <span class='ocrx_word' id='word_1_1125' title='bbox 2046 3204 2115 3237; x_wconf 85' lang='lat' dir='ltr'>alii-</span> 
     </span>
     <span class='ocr_line' id='line_1_142' title="bbox 1158 3245 2112 3294; baseline 0.005 -16"><span class='ocrx_word' id='word_1_1126' title='bbox 1158 3258 1226 3294; x_wconf 87' lang='lat' dir='ltr'>que</span> <span class='ocrx_word' id='word_1_1127' title='bbox 1254 3245 1484 3291; x_wconf 65' lang='lat' dir='ltr'>nvgotiatores</span> <span class='ocrx_word' id='word_1_1128' title='bbox 1502 3271 1510 3284; x_wconf 82' lang='lat'>,</span> <span class='ocrx_word' id='word_1_1129' title='bbox 1536 3245 1569 3278; x_wconf 75' lang='grc' dir='ltr'>ἀ</span> <span class='ocrx_word' id='word_1_1130' title='bbox 1593 3245 1734 3286; x_wconf 79' lang='lat' dir='ltr'>similes,</span> <span class='ocrx_word' id='word_1_1131' title='bbox 1763 3256 1799 3279; x_wconf 88' lang='lat' dir='ltr'>ut</span> <span class='ocrx_word' id='word_1_1132' title='bbox 1823 3247 1927 3279; x_wconf 81' lang='lat' dir='ltr'>bonas</span> <span class='ocrx_word' id='word_1_1133' title='bbox 1953 3249 2021 3283; x_wconf 81' lang='lat' dir='ltr'>auri</span> <span class='ocrx_word' id='word_1_1134' title='bbox 2044 3277 2053 3291; x_wconf 81' lang='grc'><strong>,</strong></span> <span class='ocrx_word' id='word_1_1135' title='bbox 2078 3254 2112 3287; x_wconf 85' lang='lat'>&amp;</span> 
     </span>
     <span class='ocr_line' id='line_1_143' title="bbox 1155 3292 2110 3340; baseline 0.002 -14"><span class='ocrx_word' id='word_1_1136' title='bbox 1155 3293 1283 3340; x_wconf 82' lang='lat' dir='ltr'>argenti</span> <span class='ocrx_word' id='word_1_1137' title='bbox 1305 3305 1454 3327; x_wconf 79' lang='lat' dir='ltr'>monetas</span> <span class='ocrx_word' id='word_1_1138' title='bbox 1471 3292 1613 3327; x_wconf 71' lang='lat' dir='ltr'>habeant</span> <span class='ocrx_word' id='word_1_1139' title='bbox 1630 3319 1639 3333; x_wconf 92' lang='lat'>,</span> <span class='ocrx_word' id='word_1_1140' title='bbox 1658 3293 1728 3326; x_wconf 83' lang='lat' dir='ltr'>illas</span> <span class='ocrx_word' id='word_1_1141' title='bbox 1751 3292 1867 3339; x_wconf 84' lang='lat' dir='ltr'>majori</span> <span class='ocrx_word' id='word_1_1142' title='bbox 1891 3295 2000 3337; x_wconf 88' lang='lat' dir='ltr'>pretio</span> <span class='ocrx_word' id='word_1_1143' title='bbox 2016 3309 2110 3332; x_wconf 84' lang='lat' dir='ltr'>corn-</span> 
     </span>
     <span class='ocr_line' id='line_1_144' title="bbox 1155 3339 2109 3394; baseline 0.004 -19"><span class='ocrx_word' id='word_1_1144' title='bbox 1155 3353 1269 3389; x_wconf 80' lang='lat' dir='ltr'>parant</span> <span class='ocrx_word' id='word_1_1145' title='bbox 1285 3367 1294 3383; x_wconf 88' lang='lat'>,</span> <span class='ocrx_word' id='word_1_1146' title='bbox 1319 3339 1483 3375; x_wconf 84' lang='lat' dir='ltr'>tradendo</span> <span class='ocrx_word' id='word_1_1147' title='bbox 1499 3340 1622 3375; x_wconf 81' lang='lat' dir='ltr'>aerosas</span> <span class='ocrx_word' id='word_1_1148' title='bbox 1642 3352 1704 3388; x_wconf 88' lang='lat' dir='ltr'>pro</span> <span class='ocrx_word' id='word_1_1149' title='bbox 1724 3341 1835 3386; x_wconf 65' lang='lat' dir='ltr'>puriS,</span> <span class='ocrx_word' id='word_1_1150' title='bbox 1854 3339 1943 3376; x_wconf 84' lang='lat' dir='ltr'>idem</span> <span class='ocrx_word' id='word_1_1151' title='bbox 1961 3343 2109 3394; x_wconf 74' lang='lat' dir='ltr'>Teffisub</span> 
     </span>
    </p>
   </div>
   <div class='ocr_carea' id='block_1_8' title="bbox 1144 3402 2192 3722">
    <p class='ocr_par' dir='ltr' id='par_1_28' title="bbox 1144 3402 2192 3722">
     <span class='ocr_line' id='line_1_145' title="bbox 1151 3403 1313 3433; baseline -0.012 -9"><span class='ocrx_word' id='word_1_1152' title='bbox 1151 3403 1235 3424; x_wconf 84' lang='lat' dir='ltr'>num.</span> <span class='ocrx_word' id='word_1_1153' title='bbox 1284 3403 1313 3433; x_wconf 85' lang='lat'>3.</span> 
     </span>
     <span class='ocr_line' id='line_1_146' title="bbox 1198 3402 2192 3482; baseline 0.003 -10"><span class='ocrx_word' id='word_1_1154' title='bbox 1198 3402 1344 3472; x_wconf 57' lang='lat' dir='ltr'>Reffenta</span> <span class='ocrx_word' id='word_1_1155' title='bbox 1357 3435 1420 3471; x_wconf 80' lang='lat' dir='ltr'>hac</span> <span class='ocrx_word' id='word_1_1156' title='bbox 1433 3433 1600 3470; x_wconf 87' lang='lat' dir='ltr'>contraria</span> <span class='ocrx_word' id='word_1_1157' title='bbox 1615 3434 1784 3481; x_wconf 85' lang='lat' dir='ltr'>opinione,</span> <span class='ocrx_word' id='word_1_1158' title='bbox 1800 3448 1866 3471; x_wconf 91' lang='lat' dir='ltr'>non</span> <span class='ocrx_word' id='word_1_1159' title='bbox 1909 3437 1962 3472; x_wconf 83' lang='lat' dir='ltr'>uia</span> <span class='ocrx_word' id='word_1_1160' title='bbox 1977 3437 2103 3476; x_wconf 78' lang='lat' dir='ltr'>subaru-</span> <span class='ocrx_word' id='word_1_1161' title='bbox 2125 3460 2137 3481; x_wconf 69' lang='grc' dir='ltr'>ι</span> <span class='ocrx_word' id='word_1_1162' title='bbox 2149 3448 2192 3482; x_wconf 74' lang='lat'>18</span> 
     </span>
     <span class='ocr_line' id='line_1_147' title="bbox 1175 3449 2104 3533; baseline 0.005 -15"><span class='ocrx_word' id='word_1_1163' title='bbox 1175 3485 1267 3519; x_wconf 82' lang='lat' dir='ltr'>liatio</span> <span class='ocrx_word' id='word_1_1164' title='bbox 1290 3496 1358 3518; x_wconf 88' lang='lat' dir='ltr'>non</span> <span class='ocrx_word' id='word_1_1165' title='bbox 1382 3483 1419 3517; x_wconf 86' lang='lat' dir='ltr'>sit</span> <span class='ocrx_word' id='word_1_1166' title='bbox 1444 3483 1476 3517; x_wconf 87' lang='lat' dir='ltr'>in</span> <span class='ocrx_word' id='word_1_1167' title='bbox 1503 3482 1630 3529; x_wconf 58' lang='lat' dir='ltr'>punfto</span> <span class='ocrx_word' id='word_1_1168' title='bbox 1653 3483 1738 3530; x_wconf 82' lang='lat' dir='ltr'>juris</span> <span class='ocrx_word' id='word_1_1169' title='bbox 1761 3495 1837 3522; x_wconf 72' lang='lat' dir='ltr'>veta</span> <span class='ocrx_word' id='word_1_1170' title='bbox 1852 3510 1863 3526; x_wconf 87' lang='lat'>,</span> <span class='ocrx_word' id='word_1_1171' title='bbox 1882 3449 1943 3520; x_wconf 55' lang='lat' dir='ltr'>csled</span> <span class='ocrx_word' id='word_1_1172' title='bbox 1971 3489 2050 3533; x_wconf 82' lang='lat' dir='ltr'>quia</span> <span class='ocrx_word' id='word_1_1173' title='bbox 2071 3489 2104 3524; x_wconf 89' lang='lat' dir='ltr'>in</span> 
     </span>
     <span class='ocr_line' id='line_1_148' title="bbox 1148 3497 2052 3579; baseline 0.003 -12"><span class='ocrx_word' id='word_1_1174' title='bbox 1148 3497 1238 3567; x_wconf 53' lang='lat' dir='ltr'>{iacto</span> <span class='ocrx_word' id='word_1_1175' title='bbox 1253 3559 1261 3572; x_wconf 85' lang='lat'>‚</span> <span class='ocrx_word' id='word_1_1176' title='bbox 1287 3543 1457 3579; x_wconf 81' lang='lat' dir='ltr'>nunquam</span> <span class='ocrx_word' id='word_1_1177' title='bbox 1476 3531 1665 3566; x_wconf 87' lang='lat' dir='ltr'>semovetur</span> <span class='ocrx_word' id='word_1_1178' title='bbox 1685 3530 1841 3565; x_wconf 85' lang='lat' dir='ltr'>damnum</span> <span class='ocrx_word' id='word_1_1179' title='bbox 1863 3534 2052 3571; x_wconf 81' lang='lat' dir='ltr'>creditoris.</span> 
     </span>
     <span class='ocr_line' id='line_1_149' title="bbox 1195 3578 2104 3626; baseline 0.003 -12"><span class='ocrx_word' id='word_1_1180' title='bbox 1195 3578 1352 3614; x_wconf 83' lang='lat' dir='ltr'>Extende</span> <span class='ocrx_word' id='word_1_1181' title='bbox 1373 3579 1565 3613; x_wconf 86' lang='lat' dir='ltr'>notabiliter</span> <span class='ocrx_word' id='word_1_1182' title='bbox 1590 3589 1660 3612; x_wconf 92' lang='lat' dir='ltr'>eam</span> <span class='ocrx_word' id='word_1_1183' title='bbox 1677 3604 1686 3620; x_wconf 82' lang='grc'><strong>,</strong></span> <span class='ocrx_word' id='word_1_1184' title='bbox 1704 3587 1743 3613; x_wconf 87' lang='lat' dir='ltr'>ut</span> <span class='ocrx_word' id='word_1_1185' title='bbox 1765 3579 1940 3626; x_wconf 83' lang='lat' dir='ltr'>procedat,</span> <span class='ocrx_word' id='word_1_1186' title='bbox 1959 3582 2057 3617; x_wconf 79' lang='lat' dir='ltr'>etiam</span> <span class='ocrx_word' id='word_1_1187' title='bbox 2079 3584 2104 3619; x_wconf 89' lang='lat' dir='ltr'>fi</span> 
     </span>
     <span class='ocr_line' id='line_1_150' title="bbox 1144 3625 2103 3675; baseline 0.005 -14"><span class='ocrx_word' id='word_1_1188' title='bbox 1144 3639 1291 3669; x_wconf 81' lang='lat' dir='ltr'>moneta,</span> <span class='ocrx_word' id='word_1_1189' title='bbox 1308 3638 1387 3674; x_wconf 78' lang='lat' dir='ltr'>qua:</span> <span class='ocrx_word' id='word_1_1190' title='bbox 1405 3627 1545 3661; x_wconf 86' lang='lat' dir='ltr'>debetur</span> <span class='ocrx_word' id='word_1_1191' title='bbox 1559 3651 1568 3668; x_wconf 87' lang='lat'>,</span> <span class='ocrx_word' id='word_1_1192' title='bbox 1586 3626 1623 3661; x_wconf 85' lang='lat' dir='ltr'>sit</span> <span class='ocrx_word' id='word_1_1193' title='bbox 1638 3625 1844 3674; x_wconf 78' lang='lat' dir='ltr'>imaginaria,</span> <span class='ocrx_word' id='word_1_1194' title='bbox 1861 3631 1894 3663; x_wconf 70' lang='grc' dir='ltr'>ὅ(</span> <span class='ocrx_word' id='word_1_1195' title='bbox 1919 3630 2103 3675; x_wconf 79' lang='lat' dir='ltr'>reperiatur</span> 
     </span>
     <span class='ocr_line' id='line_1_151' title="bbox 1646 3675 2102 3722; baseline 0.009 -13"><span class='ocrx_word' id='word_1_1196' title='bbox 1646 3675 1678 3709; x_wconf 83' lang='lat' dir='ltr'>G</span> <span class='ocrx_word' id='word_1_1197' title='bbox 1687 3689 1713 3722; x_wconf 74' lang='lat' dir='ltr'><strong>g</strong></span> <span class='ocrx_word' id='word_1_1198' title='bbox 1768 3689 1784 3708; x_wconf 76' lang='grc' dir='ltr'><strong><em>ι</em></strong></span> <span class='ocrx_word' id='word_1_1199' title='bbox 1994 3677 2102 3712; x_wconf 73' lang='lat' dir='ltr'>solum</span> 
     </span>
    </p>
   </div>
   <div class='ocr_carea' id='block_1_9' title="bbox 2153 1497 2217 1536">
    <p class='ocr_par' dir='ltr' id='par_1_29' title="bbox 2153 1497 2217 1536">
     <span class='ocr_line' id='line_1_152' title="bbox 2153 1497 2217 1536; baseline 0 -16"><span class='ocrx_word' id='word_1_1200' title='bbox 2153 1497 2217 1536; x_wconf 80' lang='lat'>117</span> 
     </span>
    </p>
   </div>
  </div>
 </body>
</html>
