2400 3939
283 159 312 211 6
320 174 370 208 0'

239 179 413 277 r3eslituere
428 267 437 281 ,
457 241 524 275 διο.
544 239 599 274 sed
618 238 723 274 solum
749 239 792 273 de
806 240 881 284 ejus
897 250 1015 274 natura
1034 239 1102 280 est,
1123 249 1163 273 ut
1185 238 1208 272 fi

241 288 325 326 iilud
348 289 487 335 recipiat
510 288 551 322 ab
573 299 616 323 eo
641 314 650 328 ‚
673 287 733 334 qui
758 287 891 321 censum
919 287 1074 322 vendidit
1097 313 1107 328 ‚
1135 285 1208 321 fim-

242 338 374 386 pliciter
397 335 582 373 consentiat
606 334 804 376 rescissioni,
832 335 867 368 δε
893 335 1112 369 retrovendat
1141 347 1152 377 3
1186 334 1209 368 fi

242 399 324 421 vero
349 385 485 431 recipiat
512 387 554 419 ab
574 384 640 418 alio
666 409 675 423 ,
700 383 800 418 cedat
830 382 1118 429 simpliciterjura
1136 409 1146 424 ,
1175 383 1228 417 δι”

241 436 310 469 hoc
326 434 371 468 est
394 443 513 468 notum
538 432 695 467 omnibus
709 457 719 471 ,
741 434 774 466 &
797 430 958 479 quotidie
980 430 1208 477 prasticatur3'

243 484 310 518 imo
323 484 414 516 asido
427 508 435 520 ‚
451 481 560 528 quod,
574 480 657 514 dato
669 479 876 519 demetere,
894 480 994 525 cujus
1009 478 1124 512 debita
1139 491 1207 513 non

243 529 437 567 censeantur
471 528 644 564 contrafta
677 528 807 562 ratione
843 526 1093 572 negociationis
1118 554 1127 567 ‚
1173 527 1207 561 δε

246 590 445 614 mercaturae
470 603 479 616 ,
511 576 558 611 ita
586 585 625 609 ut
659 574 847 609 creditores
878 573 1074 609 viderentur
1105 575 1208 621 magis

246 629 348 662 merci
368 653 377 665 ,
402 636 502 673 quam
529 622 682 671 personae
705 621 882 658 credidisse
898 648 908 664 ,
932 622 988 656 sed
1014 621 1209 657 censeantur

247 674 420 710 commeta
443 673 503 706 alia
524 672 655 706 ratione
672 697 681 710 .
709 671 743 705 δε
770 670 920 705 creditor
943 681 1038 717 petat
1064 670 1121 704 fibi
1147 670 1211 705 sol-

250 725 284 757 vi
307 750 316 763 ,
347 723 470 768 utique
494 720 621 755 solutio
649 718 720 753 fieri
752 719 855 754 debet
880 719 947 753 fine
977 717 1142 753 cautione
1167 718 1213 753 de

250 770 460 806 restituendo
493 768 719 803 anterioribus
753 767 981 802 creditoribus
1014 793 1024 808 ‚
1063 767 1211 801 stracch.

251 820 348 854 ιναέῑ.
375 819 416 854 de
438 817 558 852 decori.
577 827 652 865 par.
672 816 734 850 ult.
748 815 814 863 st‘b
841 827 988 862 num.34.
1010 817 1124 850 tom.6.
1139 826 1212 863 par.

256 880 286 901 1.
303 868 458 914 fid-3²9·

302 914 464 949 Secundo
475 940 483 952 ,
500 911 581 959 quia
595 925 663 947 non
681 912 784 947 debet
799 909 865 944 esse
878 911 911 944 in
926 911 1094 955 potestate
1104 921 1215 946 emen-

253 965 296 1001 tis
317 975 384 997 rem
404 988 414 1003 ‚
439 961 536 997 censu
560 971 730 995 oneratam
749 985 758 1001 ‚
782 957 892 992 facere
912 960 1113 996 deteriorem
1131 970 1216 994 con-

255 1012 420 1048 ditionem
435 1011 509 1057 ejus
527 1035 535 1048 ,
558 1009 618 1055 qui
637 1009 670 1043 in
688 1008 742 1042 illa
763 1017 798 1041 re
811 1006 942 1042 censum
964 1005 1065 1041 habet
1083 1019 1095 1050 ;
1114 1007 1216 1042 debet

256 1060 345 1094 enim
367 1059 420 1092 illa
443 1070 494 1092 res
514 1057 646 1091 transire
665 1057 698 1089 in
720 1066 907 1099 emptorem
922 1065 998 1088 cum
1018 1065 1121 1090 onere
1142 1056 1216 1096 suo,

256 1110 291 1143 ἀ
315 1107 459 1154 proinde
481 1105 562 1140 sicut
593 1105 743 1139 vendens
769 1103 854 1137 illam
886 1115 952 1136 rem
974 1129 982 1142 ,
1015 1116 1081 1138 non
1105 1104 1217 1149 potest

256 1155 426 1191 vinculare
449 1153 590 1200 pretium
608 1179 617 1193 ,
641 1152 738 1199 quod
762 1151 949 1185 restitueret
973 1151 1114 1186 domino
1138 1162 1216 1185 cen-

257 1204 310 1239 sus
331 1215 344 1247 ;
365 1203 411 1237 ita
434 1213 498 1236 nec
517 1201 620 1236 debet
640 1199 735 1247 posse
756 1210 890 1246 emptor
910 1199 956 1233 rei
976 1226 986 1240 ,
1010 1200 1070 1247 qui
1091 1199 1218 1234 dicitur

257 1249 426 1287 successor
449 1249 632 1297 singularis.

304 1299 523 1336 Contrarium
541 1298 574 1331 in
598 1296 709 1343 specie
726 1323 735 1338 ‚
758 1295 801 1330 de
828 1306 896 1343 qua
913 1295 1064 1341 agimus,
1082 1296 1218 1330 videtur

257 1346 532 1383 concludendum
549 1345 609 1379 liae
625 1345 723 1380 unica
742 1345 870 1379 ratione
881 1371 890 1384 ,
905 1355 985 1390 quia
999 1344 1031 1377 in
1046 1344 1219 1378 diicuffio-

258 1408 301 1432 ne
315 1397 483 1431 bonorum
505 1393 633 1430 credita
651 1393 723 1429 sunt
746 1391 922 1431 solvenda,
946 1403 1079 1437 recepta
1098 1393 1220 1426 idonea

260 1444 421 1479 cautione
441 1443 484 1477 de
503 1441 710 1477 restituendo
732 1440 934 1475 habentibus
955 1440 1065 1485 priora
1080 1468 1088 1479 ,
1111 1443 1141 1474 6<
1160 1453 1221 1487 pc>-

260 1493 349 1528 tiora
365 1518 374 1531 ,
397 1492 431 1527 &
454 1489 705 1524 contribuendo
726 1489 923 1523 habent-bus
946 1489 1090 1534 aequaiia
1119 1491 1192 1533 jura
1211 1517 1219 1529 ‚

260 1552 301 1576 ut
316 1540 348 1573 in
363 1539 412 1573 Pii
429 1538 494 1575 IV.
511 1537 777 1578 constitutione,
796 1537 886 1570 edita
908 1549 996 1570 anno
1020 1540 1119 1578 1562.
1142 1535 1218 1572 Kii.

262 1587 408 1632 januarii
422 1589 525 1635 fitper
545 1588 773 1634 reformatione
795 1588 881 1634 Sign.
900 1586 1000 1630 justit.
1017 1587 1102 1632 veis.
1120 1586 1154 1621 ὠ
1171 1589 1219 1619 in-

262 1638 356 1671 terim
376 1636 517 1680 judices.

311 1682 379 1718 Sed
408 1683 442 1717 in
469 1683 532 1716 hac
559 1681 634 1717 fasti
665 1681 776 1727 specie
805 1681 1024 1726 supponimus
1049 1681 1218 1717 discussio-

260 1745 336 1768 nem
364 1732 530 1766 bonorum
560 1743 629 1764 non
659 1729 890 1764 sufficientium
911 1756 920 1769 ‚
949 1729 1099 1776 ideoque
1124 1728 1224 1765 debid

262 1791 373 1816 torem
394 1778 610 1814 deccstorem
629 1791 637 1814 :
660 1778 688 1812 is
706 1778 791 1811 enim
811 1777 936 1811 dicitur
954 1777 1116 1813 decoetor
1130 1806 1139 1820 ‚
1158 1779 1220 1827 qui

262 1828 471 1863 substantiam
498 1826 662 1862 consumit
684 1853 693 1865 ‚
723 1826 807 1861 sicut
832 1825 919 1871 ignis
941 1852 949 1866 ‚
976 1827 1134 1873 paulatim
1159 1840 1220 1862 co-

262 1876 404 1925 quendo
431 1874 441 1915 3
476 1875 665 1917 diminuit;
690 1877 723 1909 &
754 1874 951 1921 decoquere
980 1875 1024 1907 est
1054 1875 1220 1910 creditum

262 1938 333 1960 non
356 1923 496 1958 reddere
519 1949 529 1964 ,
556 1923 589 1957 ὅ(
610 1935 679 1958 aere
703 1922 835 1957 credito
866 1921 1017 1958 fraudare
1037 1948 1047 1963 ,
1073 1925 1171 1958 etiam
1199 1925 1220 1957 si

262 1972 411 2008 sortunae
435 1971 520 2006 vitio
541 1997 550 2011 ‚
582 1973 615 2005 ὅ(
636 1983 703 2005 non
728 1970 786 2004 suo
808 1970 1019 2018 decoqueret
1041 1997 1051 2013 ‚
1076 1972 1221 2007 Stracch.

263 2022 298 2056 d.
320 2020 452 2055 tracias.
479 2020 520 2053 de
543 2019 663 2055 cic-0051.
688 2031 761 2066 par.
791 2032 817 2052 i.
845 2019 880 2055 (θ’
902 2031 974 2064 ραν.
997 2032 1028 2053 2.
1057 2020 1223 2067 utrobique

254 2069 319 2118 sub
340 2081 426 2102 num.
445 2080 475 2101 2.
491 2079 565 2101 tom.
587 2070 619 2102 6.
637 2078 710 2114 par.
733 2079 761 2100 i.
781 2067 922 2112 fol.3i6.
943 2067 995 2100 vel
1017 2066 1143 2103 dicitur
1163 2070 1221 2103 de-

264 2116 407 2157 εοᾶοῐ,
430 2116 490 2163 qui
517 2117 564 2150 ob
581 2117 728 2162 inopiam
753 2127 819 2149 non
837 2115 958 2154 solvit,
986 2117 1019 2150 ὅ(
1042 2117 1131 2149 mole
1148 2113 1223 2151 cre-

263 2166 412 2200 ditorum
433 2163 533 2198 cessat
550 2189 560 2203 ‚
583 2163 671 2210 fugit
685 2190 694 2204 ‚
712 2163 764 2197 vel
787 2162 915 2203 latitat,
933 2163 1079 2198 Stracch.
1100 2164 1133 2197 d.
1148 2175 1222 2209 par.

266 2226 298 2247 2.
324 2223 409 2247 num.
438 2223 466 2248 1.
493 2213 527 2246 &
551 2211 577 2245 is
606 2212 730 2246 dicitur
754 2210 917 2245 solvendo
949 2238 958 2253 ,
988 2223 1046 2259 qui
1081 2211 1223 2247 solidum

264 2261 395 2296 solvere
418 2260 529 2308 potest
546 2287 555 2300 ‚
585 2259 729 2296 Stracch.
749 2260 782 2292 d.
802 2270 875 2306 par.
894 2272 925 2293 2.
946 2272 1031 2294 num.
1054 2272 1086 2301 4.
1106 2260 1199 2307 Ergo
1213 2287 1222 2300 ,

266 2321 344 2344 cum
378 2320 440 2344 rios
468 2307 695 2354 supponamus
719 2307 909 2341 debitorem
938 2334 948 2347 ‚
984 2308 1046 2356 qui
1078 2321 1146 2342 non
1179 2308 1225 2342 est

265 2356 456 2397 solvendo,
481 2358 515 2390 &
543 2355 599 2391 cui
618 2365 797 2402 propterea
819 2355 1004 2390 creditores
1023 2366 1148 2402 partem
1169 2356 1226 2390 de-

266 2405 328 2441 biti
359 2405 539 2439 remiserint
565 2430 574 2445 ,
606 2404 732 2438 dicitur
766 2403 929 2437 decoetm
958 2415 966 2438 :
999 2404 1106 2439 solent
1139 2407 1225 2438 enim

267 2453 454 2488 creditores
484 2453 673 2500 plerunque
702 2451 941 2486 decoetoribus
968 2464 1093 2498 partein
1122 2452 1228 2488 debiti

267 2502 436 2536 remittere
458 2527 468 2542 ‚
494 2512 530 2536 ut
552 2500 718 2547 reliquum
743 2501 883 2533 habeant
899 2527 906 2538 ‚
931 2501 1077 2536 stracch.
1100 2501 1134 2534 d.
1158 2513 1228 2536 tra-

267 2550 345 2584 ξίαι.
365 2549 407 2583 de
424 2549 578 2583 decoftor.
595 2550 718 2596 parr.6.
735 2560 855 2581 numa.
871 2548 1007 2591 fol.321.

317 2598 378 2633 Ad
391 2597 537 2631 addueta
553 2596 585 2629 in
601 2596 804 2631 contrarium
823 2595 1023 2641 respondeo,
1035 2597 1132 2644 quod
1147 2609 1227 2643 pro-

268 2646 408 2686 cedunt,
421 2643 670 2690 circumscripta
687 2643 888 2678 decoffione
901 2670 911 2686 ‚
923 2645 965 2679 ⁷&
980 2644 1229 2693 circumscripta

270 2695 365 2730 bulla
386 2696 492 2741 supra
512 2695 629 2727 citata.

318 2743 397 2777 Nec
424 2740 532 2776 obstat
556 2767 565 2780 ‚
593 2740 689 2787 quod
711 2739 853 2785 capitale
882 2741 998 2775 census
1026 2754 1095 2776 non
1117 2742 1229 2776 videa-

269 2799 326 2825 tur
350 2790 486 2836 proprie
507 2788 662 2823 debitum
676 2815 686 2828 ‚
713 2800 790 2822 cum
811 2788 836 2820 is
850 2814 859 2828 ‚
887 2789 947 2834 qui
969 2790 1101 2824 censum
1123 2791 1202 2825 emit
1217 2817 1226 2831 ‚

270 2851 338 2873 non
363 2836 462 2884 poffit
489 2836 632 2884 capitale
660 2838 702 2870 ab
727 2835 835 2869 invito
861 2837 1039 2878 debitore,
1069 2838 1129 2886 qui
1153 2850 1228 2872 cen-

269 2886 339 2920 sum
371 2885 559 2925 vendidit,
599 2884 733 2931 exigere
757 2896 764 2918 :
799 2884 832 2917 ὅ(
861 2885 1058 2921 constitutio
1088 2887 1228 2931 allegata

269 2935 432 2981 loquatur
458 2933 501 2966 de
532 2932 653 2967 debitis
678 2958 687 2974 ,
718 2934 751 2966 &
779 2931 815 2966 fit
846 2932 1066 2981 intelligenda
1090 2929 1198 2970 striete
1216 2961 1226 2976 ‚

270 2984 304 3018 δε
327 2981 475 3027 proprie.

319 3029 416 3072 Quia
440 3028 628 3074 respondeo
653 3027 828 3074 tripliciter
851 3043 858 3064 :
885 3030 997 3064 Primo
1021 3056 1030 3070 ‚
1054 3031 1151 3077 quod
1176 3031 1229 3065 illa

270 3075 472 3112 constitutio
507 3076 618 3110 voluit
640 3076 831 3123 prospicere
855 3077 1062 3112 indemnitati
1097 3077 1227 3114 solven-

271 3126 314 3160 tis
335 3152 344 3165 ,
374 3136 415 3159 ne
437 3124 558 3158 iterum
586 3122 713 3158 sonere
740 3135 885 3170 cogatur
907 3152 916 3165 ‚
939 3128 972 3161 δε
998 3126 1089 3160 simul
1109 3127 1228 3162 consu-

272 3175 340 3208 lere
366 3172 478 3207 voluit
507 3172 725 3206 anterioritati
750 3198 759 3211 ,
794 3174 827 3207 δε
854 3173 1047 3218 potioritati
1080 3174 1230 3209 credito-

273 3233 346 3256 rum
362 3247 370 3259 .
394 3219 573 3266 quiessent
597 3218 744 3254 absentes
760 3246 769 3259 ‚
799 3224 850 3256 vel
876 3233 914 3255 ex
935 3222 1002 3256 alio
1026 3224 1152 3268 quovis
1173 3222 1229 3256 im-

274 3269 470 3314 pedimento
503 3279 571 3301 non
607 3278 874 3312 comparerent3
905 3281 947 3302 ne
977 3269 1031 3303 via
1064 3270 1230 3305 ordinaria

274 3326 482 3361 cogerentur
509 3315 624 3361 postea
649 3325 800 3360 repetere
821 3316 840 3350 a
868 3317 1094 3352 creditoribus
1119 3317 1228 3364 poste-

273 3364 420 3398 rioribus
445 3375 452 3397 :
477 3375 543 3397 non
574 3373 686 3397 autem
714 3364 827 3398 voluit
858 3363 1049 3410 prospicere
1078 3377 1228 3400 commo-

274 3411 372 3446 ditati
396 3437 406 3451 ,
436 3412 470 3446 δι
504 3410 672 3445 voluntati
702 3411 881 3446 creditoris
910 3438 919 3452 ‚
962 3413 1020 3446 cui
1050 3406 1190 3448 soliJitur
1219 3425 1227 3448 :

274 3458 330 3492 sed
351 3458 426 3492 liaec
448 3459 558 3492 omnia
573 3485 582 3498 ‚
609 3458 733 3504 quibus·
753 3459 978 3493 movetur-'illa
999 3460 1200 3497 constitutio
1217 3489 1228 3503 ‚

274 3517 378 3552 aeque
401 3507 539 3539 militant
566 3506 599 3539 in
626 3505 792 3541 solutione
819 3507 1012 3542 debitorum
1039 3535 1050 3549 ,
1074 3520 1156 3556 quae
1187 3512 1228 3543 ab

274 3554 385 3588 invito
409 3553 563 3587 debitore
587 3555 675 3598 exigi
700 3554 837 3600 possunt
855 3581 865 3597 ‚
895 3555 980 3590 sicut
1004 3555 1037 3589 in
1062 3557 1230 3593 solutione

276 3602 370 3636 sortis
400 3601 527 3635 census.

323 3649 484 3685 Secundo
505 3648 694 3694 respondeo
712 3675 720 3690 ,
738 3650 834 3697 quod
857 3652 1008 3687 creditor
1034 3653 1148 3689 census
1168 3666 1230 3700 po-

637 146 992 230 Sigismundi
1017 147 1260 207 Scacciae-
1287 138 1486 210 Tri&
1514 150 1587 208 de
1616 152 1909 210 Commer.

1257 240 1319 277 test
1332 242 1352 276 ὲ
1367 240 1524 274 debitore
1541 239 1651 273 invito
1675 239 1809 285 exigere
1830 234 1960 273 fruetus
1975 239 2094 274 census
2109 265 2119 279 ,
2136 251 2225 288 φισ-

1257 299 1334 324 ῐυητ
1351 289 1513 323 continua
1533 288 1660 322 exafkio
1676 298 1793 322 contra
1807 298 1883 322 eum
1899 314 1910 329 ‚
1931 288 1992 336 qui
2006 297 2076 323 non
2090 286 2137 321 est
2150 287 2226 325 ido-

1257 348 1340 372 neus
1357 336 1400 370 ad
1418 336 1663 381 negotiandum
1687 336 1850 381 pecunias
1865 362 1874 376 ,
1902 334 1959 370 seu
1978 337 2044 372 elia
2065 346 2228 372 commer.

1259 385 1311 420 cia
1328 384 1595 420 contrahendum
1610 409 1620 425 ‚
1637 382 1773 429 gravior
1791 383 1837 417 est
1851 409 1860 425 ,
1882 395 1986 431 quam
2004 383 2103 419 unica
2119 385 2230 420 totius

1265 433 1364 468 sortis
1389 432 1525 467 solutio.

1313 479 1440 515 Tertio
1463 477 1652 527 respondeo
1666 505 1676 520 ,
1696 478 1793 526 quod
1816 478 1933 514 census
1957 478 2042 516 solet
2063 480 2128 516 emi
2151 492 2230 520 cum

1269 529 1370 575 pado
1383 555 1392 569 ,
1419 527 1515 576 quod
1538 526 1694 561 venditor
1714 539 1748 560 in
1763 528 1838 562 casu
1857 527 2017 563 absentiae
2036 556 2046 571 ‚
2068 530 2121 565 vel
2143 541 2231 565 mor-

1270 577 1313 610 tis
1334 576 1480 623 alicujus
1501 588 1541 610 ex
1559 573 1812 621 fidejussoribus
1831 575 1970 617 census,
2001 587 2154 612 teneatur
2172 578 2231 613 da-

1270 635 1306 658 re
1326 637 1436 659 novos
1459 621 1671 670 fidejussores
1687 622 1729 656 ad
1743 622 2002 659 satisfactionem
2022 625 2123 671 ipsius
2139 637 2232 673 emp-

1270 672 1354 708 toris
1373 699 1382 713 ,
1417 675 1451 707 <Sc
1488 671 1628 707 ulterius
1654 697 1664 714 ‚
1692 670 1983 720 quandocumque
2015 684 2190 720 appareret
2219 700 2231 714 ‚

1270 732 1335 754 rem
1359 732 1373 764 ·‚
1399 720 1495 768 super
1532 731 1601 766 qua
1635 718 1809 764 impofitus
1841 720 1887 753 est
1915 720 2031 755 census
2048 747 2058 763 ‚
2088 719 2154 756 esse
2175 721 2232 755 ali-

1269 769 1326 803 cui
1345 767 1602 804 fideicommisso
1623 766 1804 813 subjestam
1827 794 1837 808 ‚
1867 767 1920 802 vel
1943 768 2041 803 aliter
2065 780 2132 803 non
2151 769 2245 804 libe-¹

1270 829 1335 851 ram
1363 843 1373 858 ,
1405 825 1576 852 teneretur
1601 815 1788 850 satisfacere
1821 815 2002 862 emptori;
2033 818 2067 852 δε
2118 817 2232 852 nando

1268 864 1301 898 in
1332 866 1449 913 aliquo
1482 876 1521 899 ex
1547 862 1717 912 praedistis
1748 862 1875 897 casibus
1905 863 2065 900 deficeret
2106 876 2231 907 acere,

1268 912 1301 946 id
1334 914 1376 947 ad
1401 912 1498 960 quod
1525 922 1661 946 tenetur
1680 937 1688 951 ,
1716 921 1800 946 tunc
1829 923 1962 959 emptor
1984 914 2065 948 loco
2092 913 2232 949 damno-

1269 972 1340 996 rum
1369 960 1574 997 &interesse
1598 958 1706 1006 poffet
1735 959 1755 994 ὲ
1776 960 1930 994 debitore
1959 961 2068 995 invito
2098 962 2233 1008 exigere

1269 1008 1439 1055 capitale3
1461 1011 1494 1044 &
1513 1009 1547 1042 hi
1571 1006 1665 1043 casus
1685 1007 1851 1042 denotant
1873 1008 2107 1044 conditionem
2122 1036 2134 1051 ,
2152 1009 2233 1058 quia

1269 1056 1405 1104 poil'unt
1434 1058 1569 1092 evenire
1587 1083 1597 1097 ‚
1619 1057 1653 1090 δε
1680 1069 1749 1091 non
1781 1055 1915 1091 evenire
1937 1082 1948 1097 ‚
1975 1056 2091 1105 sicque
2116 1057 2234 1093 veridi-

1271 1118 1324 1140 tor
1359 1114 1505 1140 remanet
1537 1104 1673 1139 debitor
1712 1104 1864 1150 capitalis
1891 1105 1950 1138 sub
1993 1103 2193 1141 conditione
2225 1119 2235 1142 ε

1270 1153 1326 1187 sed
1364 1154 1497 1188 debitor
1539 1151 1598 1187 sub
1637 1151 1837 1187 conditione
1867 1153 2168 1199 comprehenditur
2200 1154 2235 1188 in

1271 1202 1398 1237 statuto
1421 1229 1429 1241 ,
1457 1203 1622 1248 loquente
1649 1201 1692 1234 de
1723 1199 1882 1235 debitore
1914 1200 2066 1248 suspe&o
2087 1228 2097 1243 ,
2121 1203 2147 1236 l.
2175 1215 2233 1244 4¹·

1270 1253 1303 1283 in
1321 1251 1475 1285 omnibus.
1495 1251 1537 1295 ff.
1557 1249 1599 1283 de
1616 1249 1721 1292 judic.
1739 1249 1773 1283 &
1801 1248 1914 1284 scribit
1937 1250 2124 1298 Caccialup.
2139 1251 2236 1286 ιναῖἱ.

1274 1299 1316 1331 de
1341 1299 1442 1333 debit.
1461 1298 1600 1344 suspeift.
1624 1310 1653 1343 q.
1671 1308 1702 1341 3.
1720 1299 1859 1344 princip.
1876 1310 1965 1331 nu.r.
1987 1307 2186 1346 tom.3.par.
2203 1312 2237 1336 ι.

1276 1347 1333 1387 fol.
1370 1359 1444 1390 ¹49.
1478 1358 1562 1392 ergo
1587 1345 1721 1379 debitor
1748 1345 1865 1378 census
1897 1346 1960 1380 hac
1987 1346 2119 1381 ratione
2140 1357 2238 1382 com·

1266 1389 1440 1439 'prehendi
1465 1395 1579 1440 potest
1607 1394 1640 1427 in
1667 1392 1910 1427 constitutione
1934 1421 1944 1436 ‚
1970 1404 2051 1442 quae
2074 1394 2238 1442 loquatur

1275 1444 1318 1476 de
1348 1444 1513 1478 debitore.

1322 1491 1461 1534 Quinto
1485 1488 1693 1537 requiritur,
1723 1488 1821 1535 quod
1845 1489 2005 1532 debitor,
2033 1490 2055 1524 si
2075 1491 2156 1527 velit
2180 1490 2237 1526 de-

1272 1550 1398 1584 ponere
1414 1539 1574 1573 mandato
1592 1537 1736 1583 judicis,
1750 1536 1848 1571 adeat
1867 1538 2020 1584 judicem
2041 1538 2134 1574 suum
2148 1567 2158 1581 ‚
2179 1551 2238 1574 co-

1274 1598 1339 1620 ram
1361 1600 1433 1634 quo
1452 1585 1520 1633 ipse
1539 1585 1715 1621 conveniri
1733 1584 1895 1626 deberet,
1915 1586 2031 1634 sicque
2046 1587 2079 1622 in
2092 1588 2162 1623 hoc
2179 1587 2238 1622 de·

1275 1635 1385 1680 pofiro
1409 1633 1566 1669 faciendo
1587 1633 1690 1668 debet
1713 1633 1807 1679 sequi
1829 1632 1945 1668 forum‘
1966 1639 2061 1669 suum
2079 1661 2089 1676 ,
2114 1637 2149 1670 δε
2168 1648 2240 1671 non

1275 1682 1386 1717 sorum
1403 1682 1579 1717 creditoris
1591 1709 1600 1722 ,
1614 1682 1694 1730 quia
1709 1680 1781 1716 adit
1799 1678 1950 1727 judicem
1961 1709 1971 1724 ,
1986 1695 2056 1717 non
2073 1694 2110 1718 ut
2125 1695 2240 1732 agens,

1276 1730 1331 1764 sed
1352 1743 1388 1766 iit
1409 1743 1506 1771 retis,
1529 1731 1607 1764 Bal.
1631 1742 1663 1764 zn
1677 1730 1701 1767 l.
1720 1741 1771 1773 19.
1785 1742 1965 1778 acceptam.
1983 1744 2034 1778 qu.
2054 1744 2107 1778 ¹3·
2123 1736 2240 1774 nusszq.

1277 1781 1310 1813 C.
1341 1780 1382 1813 de'
1400 1781 1487 1826 usitr.

1324 1827 1428 1862 Ratio
1458 1826 1555 1862 etiam
1581 1826 1646 1861 esse
1671 1826 1782 1875 posset
1799 1853 1809 1868 ‚
1837 1827 1916 1875 quia
1943 1827 2068 1863 solutio
2090 1827 2161 1862 fieri
2179 1828 2238 1863 de-

1276 1876 1334 1910 bet
1357 1877 1389 1909 iri
1418 1876 1500 1909 loco
1523 1901 1531 1915 ‚
1559 1874 1591 1908 in
1618 1888 1693 1923 quo
1720 1875 1790 1921 peti
1818 1875 1928 1921 potest
1949 1902 1958 1918 ‚
1989 1877 2012 1910 1.
2045 1875 2106 1910 ult.
2127 1877 2170 1923 ff.
2196 1878 2240 1911 de

1277 1925 1413 1959 condid.
1440 1927 1543 1958 triric.
1569 1925 1603 1960 ὢ
1629 1925 1653 1958 l.
1676 1925 1728 1969 38.
1748 1924 1832 1971 quod
1853 1926 1990 1973 legatur.
2006 1924 2049 1970 ff.
2075 1925 2238 1969 dejudic-

1278 1984 1355 2018 quia
1381 1973 1413 2006 in
1440 1970 1548 2006 dubio
1575 1971 1712 2006 videtur
1739 1972 1847 2016 astum
1873 1998 1882 2012 ‚
1910 1983 1948 2006 ut
1968 1972 2115 2007 solvatur
2132 1973 2165 2006 in
2191 1974 2242 2009 lo·

1279 2032 1344 2061 co,
1376 2021 1432 2054 ubi
1459 2019 1502 2053 de
1523 2020 1597 2065 jure
1617 2021 1687 2067 peti
1709 2020 1820 2066 potest
1839 2045 1848 2060 ,
1877 2022 1957 2054 Bar.
1977 2024 2010 2054 in
2033 2020 2058 2055 l.
2083 2021 2136 2055 18,
2164 2023 2241 2056 irem

1280 2069 1342 2102 illa
1363 2070 1428 2116 suh
1457 2080 1543 2101 num.
1567 2079 1616 2113 13.
1634 2070 1676 2115 ff.
1700 2070 1742 2102 de
1763 2068 1918 2114 constiim.
1938 2080 2052 2116 pecun.
2079 2071 2114 2106 (9'
2136 2070 2240 2104 Alex.

1281 2119 1313 2149 in
1335 2117 1359 2150 l.
1375 2119 1500 2151 vinum.
1526 2127 1589 2151 not.
1615 2119 1645 2150 6.
1661 2118 1890 2163 numero.7.ff.
1902 2115 1928 2156 fi
1946 2127 2024 2151 cert.
2037 2128 2105 2164 pet.
2125 2118 2158 2152 &
2175 2117 2242 2153 effe

1281 2175 1493 2198 communem
1516 2162 1665 2212 sequitur
1690 2167 1759 2199 Rot.
1778 2164 1914 2198 Genuen.
1936 2166 2240 2213 decis2175.justis.

1282 2225 1410 2246 numero
1441 2212 1492 2259 1¹7.
1518 2217 1552 2245 in
1574 2213 1637 2252 line
1659 2239 1669 2254 ‚
1696 2215 1731 2250 (9³
1761 2215 1809 2248 18.
1841 2212 1938 2258 Ergo
1962 2213 2084 2248 eodem
2104 2215 2136 2248 in
2159 2215 2241 2250 loco

1282 2259 1352 2294 fieri
1385 2261 1485 2295 debet
1511 2260 1701 2307 depositum
1720 2287 1729 2303 ‚
1763 2260 1861 2309 quod
1886 2261 2037 2296 succedit
2067 2262 2100 2296 in
2125 2262 2240 2298 locum

1283 2308 1471 2343 solutionis.

1334 2356 1419 2391 Hoc
1443 2356 1637 2404 requisitum
1661 2358 1805 2404 opinor,
1824 2369 1894 2391 non
1910 2358 1975 2391 effe
2002 2356 2216 2393 necessarium
2232 2384 2243 2401 ‚

1284 2405 1436 2453 ideoque
1462 2405 1484 2438 fi
1507 2404 1697 2450 depositum
1713 2405 1816 2449 *fieret
1842 2405 2000 2441 mandato
2025 2407 2150 2453 judicis
2169 2419 2244 2444 cro—

1285 2455 1429 2494 ditoris,
1453 2453 1514 2500 qui
1533 2451 1718 2488 essetastor
1733 2480 1742 2494 ‚
1767 2466 1834 2489 non
1853 2465 1893 2487 ex
1915 2454 1983 2489 hoe
2005 2463 2142 2498 rueret,
2164 2456 2246 2504 quia

1286 2514 1361 2536 reus
1391 2502 1502 2548 potest
1528 2503 1714 2537 renuntiare
1745 2502 1939 2547 exceptioni
1969 2503 2246 2549 incompetentiae

1285 2551 1373 2590 sori,
1398 2550 1546 2596 liaecque
1567 2560 1638 2584 mea
1654 2549 1773 2596 opinio
1796 2561 1930 2596 magnae
1954 2551 2107 2587 innititur
2134 2552 2245 2599 aequi-

1287 2598 1346 2634 tati
1368 2625 1378 2639 ‚
1403 2598 1544 2645 quando
1565 2598 1608 2631 de
1633 2600 1713 2632 loco
1735 2597 1913 2640 solutionis
1936 2598 2045 2644 posset
2075 2598 2138 2634 esse
2156 2594 2246 2634 'con-

1286 2652 1444 2682 troversia
1459 2673 1468 2685 ‚
1495 2649 1592 2692 juxta
1612 2657 1650 2680 ea
1667 2672 1677 2687 ‚
1702 2658 1784 2694 qua:
1808 2647 1876 2681 late
1897 2646 2008 2694 scripsi
2025 2649 2116 2695 infra
2130 2647 2196 2695 fich
2213 2660 2244 2681 n.

1289 2707 1369 2739 ¹94·
1395 2697 1428 2732 ἐν
1449 2695 1560 2746 few
1582 2741 1588 2745 ,

1334 2744 1439 2778 Sexto
1465 2751 1648 2788 requiritur
1669 2768 1679 2783 ,
1708 2742 1808 2790 quod
1832 2743 2022 2788 depositum
2048 2743 2106 2780 fiat
2129 2756 2244 2780 mone-

1288 2802 1335 2826 tae
1363 2790 1529 2825 currentis
1552 2790 1583 2822 in
1612 2790 1692 2824 loco
1723 2793 1917 2826 contractus
1939 2817 1950 2834 ,
1982 2793 2015 2825 δε
2040 2793 2181 2839 quando
2213 2795 2246 2828 in

1286 2840 1367 2874 loco
1392 2837 1584 2873 contr-astus
1606 2849 1776 2874 currerent
1799 2841 1911 2886 plures
1934 2851 2082 2876 monetae
2104 2867 2115 2882 ‚
2144 2841 2246 2876 debet

1287 2887 1414 2934 deponi
1432 2913 1442 2927 ,
1466 2898 1548 2934 quae
1567 2885 1613 2920 est
1635 2887 1738 2932 magis
1754 2887 1898 2931 usitata·‚
1919 2888 1952 2922 ὃς
1973 2900 2114 2923 moveor
2130 2915 2140 2929 ,
2165 2889 2246 2936 quia
2280 2890 2285 2899 “
2315 2890 2318 2897 ’

1288 2937 1528 2970 contrahentes
1549 2933 1592 2968 de
1616 2945 1713 2969 certo
1742 2936 1853 2981 pretio
1876 2962 1885 2976 ‚
1905 2935 2084 2971 censentur
2106 2948 2246 2973 contra·

1288 2983 1369 3018 xisse
1388 2984 1432 3018 de
1455 2983 1506 3016 illa
1527 2993 1683 3023 moneta,
1704 2993 1786 3030 quae
1809 2983 1841 3017 in
1867 2985 1948 3018 loco
1971 2984 2165 3020 contrastus
2191 2998 2254 3020 ex·-

1290 3031 1389 3078 pendi
1413 3031 1496 3065 solet
1515 3057 1525 3070 ‚
1557 3031 1591 3064 &
1612 3030 1729 3066 ufitata
1760 3031 1807 3068 <³4st
1833 3044 1846 3074 ;
1871 3032 1905 3065 &
1933 3032 2073 3078 quando
2102 3031 2246 3069 diversae

1291 3092 1438 3114 monetae
1455 3079 1523 3112 illic
1543 3079 1684 3124 expendi
1707 3078 1812 3114 solent
1830 3105 1840 3119 ‚
1858 3079 2035 3114 censentur
2055 3080 2246 3116 intellexisse

1290 3129 1334 3161 de
1358 3139 1395 3162 ea
1410 3155 1418 3168 ‚
1439 3138 1520 3175 quae
1538 3127 1641 3171 magis
1665 3126 1710 3160 est
1731 3127 1764 3160 in
1785 3126 1866 3171 usu·,
1887 3129 1921 3163 δε
1941 3129 2080 3175 quando
2103 3129 2247 3175 pretium

1290 3176 1322 3209 in
1343 3187 1407 3210 una
1430 3185 1577 3209 monetae
1594 3174 1702 3221 specie
1722 3173 1802 3209 esset
1822 3176 1929 3221 majus
1943 3202 1953 3218 ,
1973 3188 2074 3224 quam
2099 3178 2132 3210 in
2153 3178 2216 3212 alia
2234 3203 2246 3219 ‚

1290 3235 1374 3259 tunc
1400 3222 1638 3257 recurrendum
1665 3221 1745 3257 effer
1774 3221 1816 3256 acl
1839 3224 1998 3270 justitiam
2021 3225 2215 3260 contrastus
2235 3252 2246 3267 .

1291 3272 1336 3306 ita
1350 3281 1388 3306 ut
1411 3272 1528 3311 valor,
1544 3268 1600 3303 seu
1615 3270 1755 3316 pretium
1771 3271 1808 3305 sit
1823 3271 1948 3317 justum
1964 3298 1974 3314 ‚
1994 3272 2028 3307 &
2049 3266 2263 3320 corresponss

1291 3320 1392 3353 deant
1407 3319 1523 3354 datum
1547 3319 1580 3353 ὃς
1599 3328 1779 3364 acceptum
1791 3345 1800 3359 ‚
1824 3330 1860 3354 ut
1873 3346 1884 3361 ,
1899 3318 2078 3366 loquendo
2096 3321 2128 3355 in
2148 3333 2248 3357 retra-

1292 3368 1345 3401 stu
1369 3367 1414 3401 rei
1438 3366 1588 3400 venditae
1607 3377 1743 3401 centum
1766 3367 1878 3409 libris,
1904 3368 1972 3402 tion
1990 3364 2136 3416 expressa
2152 3369 2249 3404 libra-

1293 3427 1363 3448 rum
1382 3415 1556 3462 qualitate,
1567 3412 1716 3460 sequitur
1728 3414 1842 3463 Tiraq.
1854 3416 1896 3450 de
1912 3416 2044 3452 retract.
2059 3412 2249 3466 lignag2§.s.

1288 3463 1525 3512 glqffii‘8m73.
1541 3462 1575 3497 ὠ
1590 3472 1646 3508 74.
1658 3465 1691 3497 &
1707 3462 1886 3510 loquendo
1898 3462 1941 3497 de
1951 3464 2058 3509 pretio
2075 3463 2121 3497 rei
2134 3466 2250 3500 vendi-

1296 3521 1340 3544 tae
1356 3512 1431 3545 liaec
1445 3511 1555 3546 omnia
1571 3508 1668 3544 latius
1682 3509 1824 3545 deducit
1845 3508 2079 3546 Bertazamft.
2093 3511 2135 3546 dc
2145 3514 2250 3561 claus.

1299 3560 1537 3606 3o.gl.5.n.1.2.
1554 3557 1589 3593 (ξΐ
1607 3570 1636 3602 3.
1650 3559 1683 3591 &
1699 3559 1778 3598 hoc,
1793 3559 1850 3593 nisi
1865 3559 2104 3595 contrahentes
2120 3561 2249 3607 expres-

1296 3607 1392 3639 serint
1413 3606 1611 3653 qualitatem
1633 3615 1799 3648 monetae,
1813 3604 2046 3648 velconstaret
2066 3605 2108 3641 de
2131 3619 2248 3644 eorum

1297 3653 1543 3689 consuetudine
1555 3659 1635 3699 qiiae
1649 3653 1695 3687 est
1711 3653 1944 3700 anteponenda
1959 3653 2171 3690 cosuetudini
2183 3655 2251 3691 loci

2112 3705 2249 3739 Bertaz.

2258 1511 2321 1548 174

2262 1840 2321 1877 ¹75

2264 2367 2329 2412 176
2372 2355 2373 2370 ³
