2400 3939
4 2503 7 2555 Ι

4 2588 7 2603 Ι

4 2606 6 2616 i

891 163 1429 240 §‚·111.G10s1';111.

2019 196 2123 249 413

200 255 536 296 Usus-mercatorum
554 286 565 303 ,
593 260 653 308 qui
676 256 827 295 servatur·
857 259 888 295 in
918 261 1016 298 Italia
1040 289 1049 303 ,
1086 266 1119 298 &
1169 258 1253 294 tium
1275 259 1481 294 ordinarium
1508 252 1757 295 assecurationis
1778 256 1957 308 accipere,
1974 263 2055 309 quia
2077 269 2131 297 iiia

146 307 265 343 servari
302 310 406 345 debet
440 310 532 354 apud
570 320 686 344 ornnes
706 334 716 350 ,
758 307 818 354 qui
848 311 1054 345 contrahunt
1084 311 1116 344 in
1167 307 1334 359 obligatio
1360 308 1585 342 communiter
1612 309 1693 342 tanti
1727 310 1815 343 valet

1847 322 1853 343 :
1885 311 1968 345 ficut
2000 311 2033 345 δε
2063 311 2091 343 is
2117 336 2127 352 ,

144 356 303 391 nundinis
334 383 343 399 ‚
369 366 454 403 quas
482 355 679 392 Genuenses
705 356 876 390 celebrant
909 358 941 391 in
975 357 1116 393 civitate
1166 366 1225 402 qm
1245 381 1253 394 ‚
1277 367 1435 402 tanquam
1451 367 1561 397 unus,
1589 366 1739 401 magnam
1765 357 1902 391 haberet
1917 358 2128 405 quarundam

143 402 328 440 Piacentiae
357 430 366 444 ‚
391 404 437 438 est
463 430 473 445 ‚
504 415 543 438 ut
570 405 673 438 detur
702 415 766 438 una
790 403 886 438 tertia
910 417 984 451 pars
1013 406 1110 441 unius

141 451 228 484 scuti
254 451 461 487 marcharum
485 465 547 498 pro
572 451 709 498 fingulis
735 451 886 486 centenis
916 453 1004 488 scuti
1034 456 1105 489 Rot.

141 498 282 533 Genuen.
304 501 466 544 decis.30.
488 502 590 541 alias,
608 500 937 534 n.2.Alex.Rauden.
953 504 986 534 in
999 503 1102 548 opase.

130 549 234 593 super
247 548 361 583 barich.
383 550 416 581 S.
425 547 613 596 Ambustis>
627 549 740 592 nu.5.6.
757 548 790 582 ό
805 559 860 589 40.
879 548 913 583 ό
932 551 1103 584 Romoazd.

138 593 210 627 Coti
229 597 326 631 rras‘l‘.
343 595 386 630 de
407 596 511 630 camb.
529 607 662 643 capar.
676 598 763 642 vers:
772 596 931 644 fogliono.
952 598 1018 634 &a
1050 610 1101 641 ¹9·

137 641 173 674 &
192 643 271 677 ideo
290 644 322 678 iii
343 643 488 678 formula
503 644 629 688 ¹harum
645 644 830 679 litterarum
852 643 910 678 ista
931 646 1102 693 quantitas

138 688 186 722 est
219 691 379 739 expressa.

186 740 221 774 Si
240 751 347 775 tamen
372 740 445 776 aliis
463 740 496 776 in
513 741 598 775 locis
611 767 620 781 ,
647 739 703 774 seu
718 740 812 786 apud
836 740 920 776 alios
934 753 1100 777 mercato-

135 799 187 822 res
207 788 343 822 daretur
365 790 473 835 major
487 816 497 830 ,
527 790 580 823 vel
600 789 707 823 minor
721 815 730 830 ,
750 789 813 825 erit
833 788 990 824 servanda
1016 802 1099 825 con-

134 835 284 870 suetudo
308 847 438 871 eorum.

184 883 314 918 Verum
334 885 414 920 milii
433 885 555 920 durum
575 885 679 921 visum
695 886 741 920 est
758 912 768 927 ‚
785 885 882 933 quod
898 887 1096 933 Joan.Bapt.

132 931 223 978 Lup:
233 935 266 966 in
280 943 350 979 cap.
369 937 555 983 naviganti.
571 938 640 981 §.z
659 946 804 968 numan.
824 938 856 969 in
871 935 936 975 fine
950 934 992 967 de
1007 936 1095 982 usur.

128 981 215 1014 inter
242 981 376 1015 irat'tat.
395 981 522 1028 divers.
544 994 618 1017 tom.
639 995 672 1030 7.
692 983 760 1029 fol.
788 983 864 1028 138.
892 982 1097 1027 computatis

128 1026 337 1063 Consulatus
354 1056 364 1070 ,
394 1029 427 1064 &
450 1029 520 1063 aliis
542 1029 711 1064 nonnullis
738 1030 885 1076 expensis
906 1057 915 1071 ‚
941 1030 1062 1064 dixerit
1085 1057 1094 1071 ‚

126 1085 191 1120 pro
217 1076 285 1110 istis
308 1078 456 1122 expensis
477 1078 662 1113 solvendos
694 1076 760 1112 esse
791 1078 906 1114 sentos
935 1089 1000 1113 tres
1026 1091 1090 1125 pro

125 1124 283 1170 quolibet
303 1126 496 1161 centenario
514 1139 527 1170 ς
542 1139 613 1160 nam
626 1126 649 1159 fi
666 1125 734 1160 hoc
750 1125 831 1161 esset
855 1138 969 1161 verum
984 1128 1095 1173 quoli—

124 1171 182 1206 bet
205 1183 292 1207 anno
319 1173 529 1209 solverentur
549 1173 635 1208 scuti
653 1174 838 1209 duodecim
855 1186 918 1220 pro
934 1185 1093 1209 centena-

124 1218 177 1254 rio
190 1220 276 1255 ultra
291 1220 445 1256 interesse
460 1222 578 1257 cambii
594 1248 603 1263 ,
622 1234 698 1256 cum
713 1223 874 1256 nundinae
893 1222 1017 1258 soleant
1036 1234 1091 1257 ce-

124 1267 243 1303 lebrari
257 1278 411 1316 quatuor
433 1269 466 1303 in
490 1282 578 1304 anno
596 1297 606 1310 ,
624 1281 663 1305 ut
681 1270 748 1304 dixi
765 1273 1004 1318 §.praecedenti
1019 1298 1026 1310 ,
1040 1272 1089 1320 gl.

123 1327 156 1357 4.
175 1329 299 1361 num.3.
321 1318 354 1351 ὃς
370 1317 414 1350 fic
429 1317 537 1363 major
552 1317 631 1353 esset
653 1318 798 1364 impensa
815 1347 823 1357 ,
839 1330 937 1364 quani
957 1319 1090 1353 interes-

122 1363 181 1407 se;
199 1376 279 1407 aut,
296 1363 318 1397 si
339 1365 492 1400 interesse
506 1378 702 1414 aequaretur
720 1366 871 1411 impensis
886 1393 894 1407 ‚
915 1379 985 1401 uno
1003 1379 1089 1412 quo-

122 1423 195 1459 que
215 1424 303 1446 anno
328 1412 539 1448 solverentur
572 1427 626 1456 24.
659 1426 722 1461 pro
748 1415 905 1461 quolibet
932 1426 1088 1449 centena-

122 1461 174 1494 rio
194 1471 203 1494 ε
219 1460 317 1507 quod
333 1461 366 1494 in
383 1461 623 1509 Repupublica
649 1464 736 1497 bene
758 1463 911 1497 ordinata
926 1476 993 1497 non
1009 1463 1088 1500 esset

121 1507 347 1544 tolerandum.

172 1555 331 1591 Extende
347 1558 454 1604 primo
477 1559 570 1593 hunc
587 1560 678 1593 usum
699 1557 848 1593 solvendi
870 1558 998 1593 tertiam
1013 1570 1088 1604 par-

121 1614 189 1639 tem
210 1605 311 1638 unius
334 1606 441 1647 scuti,
462 1618 501 1641 ut
525 1609 557 1641 in
577 1607 652 1642 foro
679 1607 836 1640 exteriori
855 1607 892 1642 fit
913 1618 990 1640 vera
1005 1607 1088 1642 indi-

119 1653 240 1687 stinste
262 1679 271 1693 ,
296 1653 363 1688 five
392 1655 511 1689 cambii
547 1656 683 1690 debitor
712 1655 750 1689 fit
777 1654 883 1691 minus
907 1655 1051 1690 idoneus
1076 1682 1086 1697 ,

119 1701 189 1735 five
204 1700 308 1746 magis
333 1702 480 1737 idoneus
494 1730 503 1745 ,
532 1704 577 1740 id,
595 1704 640 1737 est
653 1730 661 1744 ‚
691 1703 759 1737 sive
786 1702 952 1737 cambium
970 1702 1009 1738 fit
1028 1716 1086 1749 pe-

121 1749 304 1783 ricuioium
329 1775 338 1790 ‚
368 1751 436 1785 five
471 1763 538 1787 non
563 1764 571 1785 ε
611 1752 644 1786 ὃς
678 1751 724 1785 ita
760 1750 907 1784 servatur
935 1751 968 1784 in
996 1752 1087 1796 praxi

120 1797 188 1831 sine
211 1796 413 1833 difficultate
431 1827 441 1839 ,
469 1800 548 1845 quia
575 1799 656 1834 esset
683 1798 878 1845 impoffibile
900 1798 1088 1844 ponderare

121 1845 312 1879 minutatim
340 1859 398 1892 per
418 1848 531 1883 uncias
547 1848 770 1895 quantitatem
788 1847 1006 1881 idoneitatum
1025 1848 1085 1882 de-

119 1892 291 1933 bitorum,
320 1906 379 1941 pei·
403 1907 439 1929 ea
453 1922 463 1936 ,
485 1907 567 1942 quae
587 1895 697 1941 scripsi
724 1895 821 1929 etiarn
837 1898 944 1942 Jitpra
969 1897 1036 1940 §.r-
1053 1908 1082 1942 q.

120 1954 155 1989 7.
178 1952 290 1987 par.2.
307 1944 467 1990 ampho.
479 1944 540 1987 sub
554 1956 675 1988 numf5.
693 1946 780 1989 vers.
801 1946 928 1989 primus
946 1943 1083 1990 &seqq-

120 1991 156 2024 &
180 1990 428 2037 consequenter
458 1992 490 2024 in
523 1992 733 2026 extricabiles
765 2002 1032 2036 propagarentur
1048 1992 1086 2025 li-

120 2048 192 2076 tex,
208 2037 250 2070 ad
265 2049 349 2084 quas
363 2040 537 2074 evitandas
553 2039 662 2075 forum
683 2039 830 2074 exterius
850 2041 972 2073 tolerat
988 2038 1085 2073 etiam

120 2084 226 2132 pretia
248 2086 364 2133 injusta
386 2115 393 2126 ,
428 2098 464 2121 ut
486 2088 656 2122 declaravi
678 2088 713 2122 d.
735 2087 837 2133 ampl.
863 2099 917 2121 ιο.
939 2100 1025 2120 num.
1053 2100 1083 2122 t.

121 2134 157 2170 (θ’
168 2135 261 2180 seqq.
288 2135 323 2171 (γ’
347 2149 433 2170 num.
453 2148 512 2180 45.
535 2137 569 2171 (ff
584 2138 678 2183 seqq.
698 2136 732 2172 &
756 2136 847 2182 infra
873 2136 961 2181 vers:
987 2136 1085 2170 intel-

121 2182 189 2230 lige
210 2185 326 2228 primo.

169 2229 326 2265 Extende
347 2229 500 2265 secundo
524 2257 533 2272 ‚
560 2241 599 2265 ut
627 2230 794 2278 procedat
817 2230 915 2265 etiam
940 2229 973 2263 in
1008 2228 1085 2265 soro

119 2277 271 2313 interiori
293 2305 302 2320 ‚
331 2278 365 2312 id
392 2278 459 2319 est,
487 2278 706 2314 conscientiae
723 2305 732 2319 ‚
760 2279 841 2326 quia
865 2304 874 2318 ‚
901 2278 959 2312 etfi
985 2278 1084 2325 pretii

119 2325 280 2372 injustitia
302 2353 312 2368 ‚
340 2338 419 2374 quae
449 2327 612 2362 toleratur
633 2328 664 2362 in
694 2326 771 2362 foro
799 2326 955 2361 exteriori
981 2351 991 2366 ,
1017 2338 1086 2361 non

120 2376 286 2409 toleretur
303 2376 334 2408 in
356 2374 431 2408 foro
454 2375 627 2416 interiori,
652 2375 761 2410 testib.
788 2375 860 2416 liis,
890 2385 978 2422 quos
994 2373 1086 2409 secu-

121 2431 178 2458 tus
203 2422 270 2455 sum
292 2425 326 2457 d.
347 2424 447 2469 ampl.
476 2436 528 2457 ιο.
546 2436 630 2457 num.
655 2436 712 2466 4¹·
732 2424 766 2460 ὁ
792 2435 848 2468 45.
869 2424 902 2457 δε
931 2422 1087 2456 videatur

120 2470 318 2516 impossibile
344 2498 352 2513 ,
387 2471 485 2519 quod
516 2483 566 2505 res
596 2472 657 2507 fint
689 2471 844 2506 bonitate
867 2471 1052 2519 inaequales
1076 2497 1086 2512 ,

119 2519 177 2552 seu
201 2518 351 2562 pericula
373 2519 453 2561 sint,
478 2519 655 2566 inaequalia
670 2547 678 2559 ‚
705 2520 738 2554 δε
761 2519 865 2565 pretia
887 2519 950 2553 sint
972 2531 1086 2565 aequa-

120 2566 165 2600 lia
193 2566 258 2601 iine
293 2567 454 2613 injustitia
479 2581 488 2603 :
523 2569 574 2602 bis
603 2580 711 2602 tamen
747 2579 814 2602 non
841 2567 1050 2602 obstantibus
1076 2593 1086 2608 ‚

124 2614 364 2650 concluderem
391 2643 400 2657 ‚
439 2617 661 2651 extensionem
695 2614 761 2649 effe
792 2627 900 2649 veram
934 2641 943 2655 ,
984 2626 1086 2661 prout

122 2663 273 2697 conclusi
293 2665 504 2711 etiamsupra
528 2668 560 2711 ξ.
583 2677 610 2699 ι.
627 2678 657 2712 q.
672 2677 705 2710 7.
721 2676 832 2711 para.
852 2664 1085 2710 ampl.10.sub

123 2721 248 2755 num.5.
267 2717 353 2760 vers.
371 2713 530 2761 intellige.
550 2723 635 2747 ratio
651 2739 659 2752 ,
679 2724 744 2760 qua
761 2722 921 2751 moveor,
947 2712 992 2746 est
1008 2711 1086 2758 quia

120 2758 219 2793 etiam
256 2759 310 2794 lex
338 2760 556 2796 conscientiae
588 2760 691 2795 debet
727 2759 792 2794 esse
825 2760 869 2793 de
901 2758 1043 2805 poffibiii'
1075 2774 1084 2795 :

120 2805 177 2841 sed
214 2807 260 2842 est
286 2807 484 2854 impossibile
523 2808 733 2856 cognoscere
759 2808 946 2842 minutatim
974 2807 1084 2855 quali-

118 2863 206 2889 tates
226 2882 235 2896 ,
261 2856 294 2890 &
317 2857 526 2904 quantitates
546 2856 687 2903 periculi
709 2883 717 2897 ‚
746 2866 817 2891 turn
843 2855 922 2902 quia
949 2855 1082 2901 pericu-

115 2902 188 2937 lum
214 2904 260 2938 est
286 2904 433 2940 incertus
458 2915 602 2940 eventus
625 2905 669 2939 rei
693 2931 703 2946 ‚
736 2904 768 2937 iu
792 2915 864 2950 quo
889 2903 1082 2939 dominatur

1164 403 1325 437 mercium
1350 404 1482 449 copiam
1513 429 1522 444 ,
1555 414 1696 449 quarum
1727 404 1820 438 valor
1851 416 1988 451 propter
2015 414 2127 440 earum

1163 450 1197 484 in
1227 451 1414 486 universum
1440 451 1586 498 inopiam
1612 451 1691 486 esset
1723 464 1898 497 magnus,
1932 454 2038 498 poss‘et
2073 465 2127 488 eas

1165 498 1312 533 vendere
1329 526 1338 540 ,
1367 510 1486 547 quanti
1514 500 1738 536 communiter
1765 500 1958 535 venduntur
1981 504 2023 536 ab
2049 501 2099 533 his
2115 527 2125 542 ‚

1163 546 1223 592 qui
1262 558 1317 581 eas
1356 548 1477 581 habent
1510 547 1543 581 in
1577 559 1680 592 parva
1710 558 1900 594 quantitate
1924 572 1932 588 ‚
1961 548 2124 583 Leonard0

1162 595 1242 642 Leff.
1267 595 1310 628 de
1321 597 1394 641 just.
1413 597 1446 631 (sy
1468 598 1535 637 jur.
1561 596 1636 629 libr.
1660 609 1692 630 2.
1712 602 1812 643 capit.
1834 597 1962 644 28.sub
1983 610 2075 644 n.27.

1208 642 1436 677 confirmatur
1449 669 1458 681 ,
1470 642 1632 682 secundo,
1647 646 1728 690 quia
1750 645 1808 678 etii
1830 644 1937 682 senex.
1952 646 2125 682 valutudi..

1158 701 1269 724 narius
1283 715 1292 731 ,
1311 692 1344 725 &
1358 691 1477 726 debilis
1495 690 1650 725 Videatur
1672 693 1772 727 morti
1794 693 2002 738 proximior,
2021 705 2123 741 quarn

1157 739 1292 784 juvenis
1328 739 1443 779 sanus,
1463 741 1496 773 δε
1516 739 1693 774 robustus:
1717 751 1827 776 tamen
1851 740 2027 778 societates
2048 743 2122 778 ‘offi-

1156 787 1199 821 cii
1222 794 1339 834 ,*·quae
1357 787 1606 822 contrahuntur
1626 786 1722 833 super
1750 789 1903 834 periculo
1927 789 2006 823 vitae
2033 798 2120 826 con-

1155 835 1335 870 trahuntur
1354 847 1417 881 pro
1442 835 1562 868 eodem
1587 835 1697 880 pretio
1716 863 1725 876 ,
1751 836 1806 870 seu
1831 849 1893 883 pro
1913 837 2024 871 iisdem
2048 838 2120 873 fru—

1154 883 1262 918 &ibus
1275 909 1284 922 ,
1306 884 1399 917 nullo
1417 884 1573 928 majoris,
1588 883 1640 916 wei
1660 883 1794 918 minoris
1808 885 1947 930 periculi
1964 885 2045 921 vitae
2063 887 2118 922 lia..

1153 931 1224 965 bito
1247 930 1432 965 discrimine
1449 958 1458 973 ‚
1480 932 1514 966 &
1536 930 1725 966 confeffarii
1746 932 1789 966 de
1811 934 1880 968 hoc
1901 945 1968 969 non
1986 934 2116 972 faciunt

1150 978 1356 1025 scrupulum.
1912 987 1916 1001 ²

1198 1027 1354 1062 Extende
1377 1027 1481 1062 tertio
1497 1053 1506 1068 ,
1532 1036 1571 1062 ut
1587 1027 1730 1074 pretium
1749 1027 1893 1074 periculi*
1908 1026 2008 1075 poffit
2026 1030 2114 1076 juste

1148 1075 1326 1121 accipere,
1351 1088 1418 1111 non
1444 1075 1550 1110 solum
1574 1076 1604 1110 ei
1625 1103 1634 1117 ‚
1660 1076 1718 1123 qui
1742 1077 1803 1111 suo
1828 1076 1982 1123 periculo
2004 1081 2113 1116 remit-

1148 1124 1208 1164 tit,
1228 1133 1266 1157 ut
1281 1124 1415 1159 loeutus
1438 1123 1505 1157 sum
1515 1125 1623 1171 supra
1643 1137 1730 1159 num.
1747 1134 1775 1169 5.
1796 1126 1830 1161 &
1853 1124 1914 1174 qui
1930 1124 2028 1162 solvit
2048 1138 2111 1173 pro

1146 1171 1211 1205 alio
1237 1198 1246 1213 ,
1272 1183 1310 1207 ut
1335 1173 1472 1207 locutus
1495 1172 1565 1205 sum
1589 1174 1680 1220 infra
1705 1185 1790 1208 num.
1822 1185 1877 1219 30.
1909 1175 1943 1211 (9'
1974 1186 2026 1218 3²-
2052 1175 2110 1211 sed

1146 1220 1243 1254 etiam
1273 1220 1419 1267 quilibet
1441 1218 1616 1266 fidejussor
1643 1220 1764 1256 cambii
1788 1222 1821 1257 ὅ(
1875 1221 1992 1257 uilibet
2012 1250 2020 1260 ,
2049 1224 2108 1272 qui

1142 1266 1364 1303 subscriberet
1392 1269 1518 1303 litteras
1543 1268 1663 1303 cambii
1683 1295 1693 1308 ‚
1725 1269 1822 1304 etiam
1859 1281 1868 1303 i
1891 1269 1952 1304 ifle
1973 1269 2107 1318 fidejus-

1142 1315 1197 1350 sor
1220 1342 1228 1356 ,
1256 1315 1311 1352 seu
1337 1315 1542 1352 subscribens
1576 1317 1745 1363 acciperet
1771 1329 1833 1364 pro
1862 1317 2072 1364 fidejuffione
2094 1346 2104 1363 ‚

1141 1363 1196 1403 seu
1214 1363 1455 1411 subscriptione
1474 1365 1596 1411 pignus
1610 1376 1666 1401 aut
1685 1364 1913 1413 fidejuss'orem
1929 1393 1938 1407 ‚
1954 1368 2014 1414 qui
2028 1380 2106 1415 pro·

1140 1411 1288 1447 mitteret
1305 1413 1577 1452 indemnitatem,
1602 1412 1684 1460 quia
1696 1413 1810 1448 adhuc
1831 1413 1939 1459 pollet
1959 1426 2103 1461 pretium

1139 1461 1279 1506 periculi
1306 1472 1460 1508 accipere
1481 1486 1492 1502 ,
1520 1461 1692 1496 Romaold.
1713 1463 1781 1497 Col.
1808 1464 1907 1497 trast.
1928 1463 1970 1497 de
1996 1465 2100 1500 camb.

1138 1519 1209 1554 cap.
1233 1521 1285 1552 19.
1304 1511 1439 1544 interno.
1459 1511 1492 1542 in
1502 1507 1571 1550 fine
1589 1535 1597 1548 ‚
1618 1521 1691 1542 narn
1714 1509 1782 1544 hoc
1799 1522 1865 1545 non
1888 1511 1933 1545 est
1956 1512 2102 1558 pretium

1138 1556 1279 1601 periculi
1306 1557 1390 1592 certi
1409 1583 1418 1597 ‚
1444 1554 1501 1591 seu
1518 1555 1678 1591 manifesti
1693 1583 1703 1598 ‚
1721 1569 1820 1592 nemo
1841 1560 1926 1593 enim
1952 1561 1998 1593 est
2011 1561 2100 1595 adeo

1136 1603 1259 1638 stultus
1277 1630 1286 1645 ‚
1312 1614 1351 1639 ut
1385 1616 1447 1651 pro
1477 1604 1576 1639 lucro
1606 1605 1707 1639 unius
1736 1606 1847 1642 tertiae
1875 1607 1976 1654 partis
1998 1608 2099 1642 unius

1135 1651 1218 1686 scuti
1241 1652 1340 1687 vellet
1363 1663 1458 1688 certo
1477 1652 1617 1699 perdere
1641 1652 1754 1688 scutos
1776 1664 1913 1690 centum
1937 1682 1946 1696 ‚
1969 1656 2026 1689 sed
2050 1656 2098 1690 est

1135 1700 1277 1744 pretium
1297 1700 1436 1746 periculi
1453 1709 1512 1745 per
1534 1699 1704 1748 possibile,
1722 1701 1789 1736 imo
1811 1704 1951 1746 periculi
1969 1730 1977 1745 ,
1999 1704 2098 1751 quod

1134 1747 1181 1781 illi
1207 1747 1238 1782 se
1260 1759 1430 1794 exponens
1454 1746 1561 1795 sperat
1587 1761 1655 1782 non
1679 1758 1878 1785 eventurum
1894 1777 1904 1792 ‚
1929 1753 1962 1786 δε
1985 1764 2023 1786 ut
2049 1753 2097 1788 ita.

1133 1795 1265 1840 speret,
1297 1797 1458 1831 idoneum
1489 1796 1601 1832 studet
1633 1797 1754 1832 habere
1786 1798 1972 1835 debitorem
1994 1827 2003 1842 ,
2038 1811 2096 1836 aut

1132 1843 1242 1878 saltem
1265 1856 1342 1878 cum
1365 1844 1510 1891 pignore
1531 1870 1541 1886 ‚
1572 1845 1624 1879 vel
1646 1844 1859 1892 fidejussione
1885 1873 1895 1888 ,
1917 1860 1950 1883 at
1978 1848 2095 1895 liujus·

1131 1892 1224 1926 modi
1244 1893 1433 1938 periculum
1451 1904 1510 1939 per
1529 1891 1678 1938 poffibile
1700 1895 1809 1935 durat,
1832 1895 1929 1930 etiam
1946 1906 2093 1942 accepto

1132 1940 1274 1986 pignore
1297 1968 1305 1980 ,
1333 1941 1367 1975 &
1399 1952 1539 1986 accepta
1562 1940 1774 1986 fidejuffione
1799 1969 1809 1984 ,
1841 1944 1901 1992 qui
1926 1945 2011 1978 enim
2035 1973 2042 1986 ,
2070 1945 2093 1979 fi

1130 1988 1252 2035 pignus
1278 1988 1360 2023 esset
1388 1988 1556 2022 ruinosum
1582 1990 1636 2022 vel
1659 1991 1885 2026 anterioribus
1912 1993 2092 2028 creditori-

1131 2037 1196 2069 bus
1227 2038 1413 2083 obligatum
1435 2064 1442 2076 .
1470 2037 1504 2071 ὅ(
1531 2035 1616 2084 quid
1643 2038 1666 2071 fi
1693 2037 1870 2087 fidejussor
1893 2039 1973 2074 esset
1998 2053 2094 2081 tanto

1131 2096 1200 2118 aere
1222 2086 1330 2120 alieno
1352 2094 1512 2132 gravatus
1527 2111 1536 2125 ‚
1565 2096 1600 2120 ut
1622 2085 1655 2120 in
1682 2089 1756 2132 ejus
1778 2087 1874 2122 bonis
1891 2089 1971 2122 nihil
1993 2101 2094 2124 rema⁴

1129 2142 1223 2166 neret
1243 2160 1253 2173 ,
1279 2135 1312 2168 δ(
1335 2132 1380 2166 fic
1404 2132 1481 2180 quis
1509 2132 1571 2167 erit
1597 2133 1769 2180 fidejussor
1791 2135 1996 2181 fidejussoris
2014 2138 2095 2172 rele-

1130 2180 1238 2214 vantis
1258 2181 1270 2216 ἰ
1295 2182 1429 2216 demum
1455 2181 1525 2216 esto
1544 2208 1554 2221 ,
1580 2182 1677 2229 quod
1698 2182 1820 2230 pignus
1839 2184 1877 2219 fit
1902 2184 2064 2220 idoneum
2084 2213 2095 2228 ‚

1132 2229 1166 2262 &
1187 2227 1363 2275 fidejussor
1379 2229 1475 2263 dives
1492 2240 1599 2263 tamen
1623 2243 1691 2265 non
1716 2231 1881 2270 deficiunt
1901 2233 1954 2267 aiii
1976 2234 2069 2268 casus
2083 2261 2093 2274 ,

1132 2276 1217 2323 quid
1244 2278 1329 2311 enim
1362 2276 1383 2310 si
1416 2289 1478 2323 pro
1504 2277 1648 2323 pignore
1668 2305 1678 2320 ,
1712 2279 1747 2313 ὃς
1773 2292 1891 2315 contra
1921 2280 2094 2328 fidejusso-

1133 2336 1199 2359 rem
1227 2324 1315 2359 foret
1340 2325 1539 2371 litigandum
1563 2324 1576 2360 ἓ
1597 2338 1708 2361 nonne
1734 2327 1843 2373 pollet
1864 2327 2096 2376 contingere,

1131 2372 1230 2419 quod
1252 2374 1356 2419 judex
1384 2372 1466 2408 elset
1490 2373 1627 2420 iniquus
1653 2378 1686 2410 δε
1719 2375 1851 2410 tandem
1882 2377 1935 2411 illa
1967 2378 2097 2413 incom-

1132 2420 1234 2455 moda
1261 2422 1327 2456 litis
1349 2422 1383 2455 ὅ(
1402 2421 1616 2468 expensarum
1646 2435 1759 2458 nonne
1781 2423 1857 2460 sunt
1880 2425 1984 2472 digna
2009 2438 2097 2473 prae-

1133 2467 1201 2503 fata
1225 2469 1379 2504 mercede
1401 2467 1416 2504 ἓ

1181 2516 1297 2552 Infero
1324 2529 1364 2552 ex
1390 2517 1453 2552 hac
1470 2519 1662 2554 extensione
1677 2546 1686 2558 ‚
1706 2519 1926 2560 dubimndum
1950 2521 2016 2557 effe
2031 2523 2098 2559 sal-

1131 2574 1200 2601 tem
1223 2566 1255 2599 in
1289 2565 1367 2600 foro
1393 2565 1458 2602 fori
1487 2567 1531 2600 de
1562 2565 1768 2601 restriffione
1788 2595 1797 2608 ‚
1827 2581 1927 2615 quam
1951 2571 1994 2606 ad
2025 2584 2092 2614 ειν,

1131 2625 1214 2659 quae
1240 2612 1347 2660 scripsi
1359 2615 1464 2661 ficpra
1486 2626 1607 2661 num.7.
1624 2618 1712 2663 vers.
1727 2617 1793 2663 sed
1810 2617 1985 2665 fidejuffiir.
2015 2618 2096 2656 facit

1133 2662 1250 2696 Molin.
1267 2662 1308 2695 de
1320 2662 1509 2706 just.tcm.2.
1524 2664 1566 2698 de
1581 2665 1773 2698 contrastat.
1786 2666 1905 2714 disput.
1916 2678 1929 2710 3
1940 2679 1991 2710 ¹9.
2006 2671 2093 2716 verfi

1132 2721 1245 2744 covar.
1273 2712 1356 2756 cons.
1382 2711 1460 2744 286.
1489 2710 1604 2744 dicens
1633 2738 1642 2753 ‚
1665 2712 1763 2759 quod
1786 2714 1972 2758 fidejussor
1985 2716 2096 2761 potest

1133 2768 1247 2802 parum
1278 2760 1412 2804 exigere
1433 2759 1452 2793 a
1483 2758 1639 2793 debitore
1664 2787 1673 2800 ‚
1701 2771 1764 2806 pro
1796 2773 1868 2809 quo
1895 2761 2060 2811 fidejubet
2083 2791 2093 2806 ,

1135 2804 1277 2852 quando
1307 2807 1436 2839 nullum
1474 2807 1579 2841 subest
1623 2807 1810 2854 periculum
1845 2823 1852 2845 :
1886 2811 1919 2844 δε
1952 2811 2061 2846 insero
2083 2838 2095 2853 ,

1131 2853 1240 2888 multo
1271 2854 1377 2899 magis
1406 2854 1630 2890 dubitandum
1666 2856 1730 2890 eise
1757 2857 1800 2891 de
1830 2857 2059 2893 declaratione
2083 2888 2094 2900 ‚

1130 2912 1230 2947 quam
1259 2913 1298 2935 ex
1319 2905 1438 2937 Covar.
1458 2903 1602 2938 stracch.
1638 2904 1672 2940 Θ
1694 2906 1746 2939 Jo.
1770 2905 1869 2952 Bapt.
1889 2910 1973 2953 Lup.
1995 2908 2094 2942 retuli

117 2949 189 2985 sors
213 2978 222 2993 ‚
248 2952 282 2987 ὃς
304 2951 440 2988 fortuna
456 2979 466 2994 ,
493 2963 532 2987 ut
557 2953 693 2988 secutus
718 2952 786 2985 sum
799 2953 905 2998 supra
932 2955 971 2992 5.
997 2963 1024 2985 ι.
1048 2966 1078 2999 q.
1118 2953 1228 2995 supra
1251 2951 1353 2997 §.1.q.
1367 2961 1392 2983 1.
1407 2953 1578 2997 mim.54·8.
1604 2951 1684 2986 dum
1706 2951 1852 2988 scribunt
1867 2981 1876 2994 ‚
1895 2954 1992 3002 quod
2010 2954 2092 2990 fide-

121 3010 151 3032 1·
172 3011 341 3044 num-134.
362 3001 397 3037 ὠ
419 3012 494 3046 ¹35·
511 3001 545 3035 ὃς
570 3001 649 3036 ideo
672 2999 782 3046 potest
798 2999 998 3051 contingere
1012 3026 1021 3040 ,
1040 3011 1078 3035 ut
1127 2996 1236 3043 jussor
1256 3011 1322 3032 uon
1349 2998 1459 3044 potest
1479 2999 1613 3045 exigere
1633 3000 1778 3046 pretium
1797 3002 1936 3046 periculi
1955 3029 1964 3043 ‚
1985 3014 2090 3050 quan.

115 3046 176 3080 ubi
192 3048 300 3091 majus
319 3060 475 3095 appareat
488 3075 498 3090 ,
513 3048 686 3084 evanescat
704 3075 714 3090 ,
738 3049 772 3082 δε
797 3047 855 3082 ubi
876 3059 982 3081 minus
995 3074 1004 3088 ,
1032 3047 1078 3083 ibi

115 3092 277 3130 succedat
293 3107 306 3139 ς
326 3107 396 3131 tum
410 3097 491 3144 quia
505 3099 593 3131 circa
609 3107 716 3131 rerum
736 3106 877 3130 eventus
898 3095 1002 3129 varias
1021 3096 1077 3130 ha-

113 3142 194 3177 bent
215 3143 367 3178 homines
391 3145 569 3190 opiniones
587 3171 596 3186 ‚
622 3146 655 3179 &
681 3143 839 3191 ina-quali
863 3154 1018 3178 tenentur
1036 3145 1073 3179 ti-

112 3201 206 3225 more
220 3217 230 3232 ,
251 3203 356 3239 quare
378 3192 400 3225 fi
421 3192 472 3226 lex
490 3193 631 3238 pofiiiva
652 3204 754 3227 unum
775 3191 908 3239 aequale
924 3191 1074 3228 statuerit

112 3239 257 3284 pretium
273 3266 282 3279 ,
305 3239 387 3274 illud
410 3241 472 3275 erit
492 3251 602 3276 tutum
622 3241 718 3275 etiam
743 3240 774 3273 in
798 3240 876 3274 foro
894 3239 1070 3276 interiori:

109 3285 189 3320 alias
210 3299 329 3335 magna
353 3288 633 3323 conscientiarum
656 3287 810 3322 confufio
826 3313 835 3328 ,
858 3288 892 3322 δε
909 3288 1071 3334 perplexi-

110 3342 161 3368 tas
182 3335 294 3380 posset
314 3336 405 3373 oriri.

1127 3045 1174 3080 do
1196 3044 1331 3080 debitor
1347 3072 1356 3085 ,
1388 3058 1449 3091 pro
1468 3058 1541 3093 quo
1561 3046 1756 3092 fidejubet,
1783 3049 1829 3082 est
1849 3050 1923 3096 ejus
1943 3051 2090 3096 qualita-

1126 3093 1168 3127 tis
1184 3119 1194 3134 ,
1222 3094 1255 3126 ὅ(
1276 3094 1487 3128 conditionis
1504 3121 1513 3136 ‚
1538 3106 1576 3129 ut
1598 3096 1723 3129 nullum
1755 3096 1811 3130 sibi
1834 3097 2001 3134 immineat
2028 3111 2088 3144 pe-

1124 3140 1268 3175 riculum
1287 3151 1294 3174 :
1321 3143 1354 3176 ὅτ,
1377 3141 1418 3175 ad
1440 3142 1496 3175 has
1521 3142 1684 3177 illationes
1702 3156 1844 3178 moveor
1860 3171 1869 3186 ,
1894 3145 1974 3192 quia
1995 3146 2087 3181 debi-

1124 3200 1180 3224 tor
1199 3188 1235 3223 fit
1259 3191 1477 3237 quantumvis
1497 3191 1638 3225 idoneus
1652 3218 1662 3231 ,
1678 3202 1785 3226 tamen
1808 3192 1984 3238 fidejuffor
2001 3192 2084 3229 sem-

1122 3249 1181 3283 per
1200 3237 1309 3282 potest
1325 3236 1390 3271 eise
1407 3238 1439 3271 in
1457 3238 1574 3285 aliquo
1594 3239 1746 3284 periculo
1758 3267 1766 3279 ‚
1788 3239 1898 3275 saltem
1916 3240 2080 3277 subeundi

1120 3286 1195 3320 lites
1210 3311 1218 3323 ,
1239 3286 1272 3319 &
1291 3285 1504 3320 incommoda
1525 3313 1533 3326 ‚
1560 3287 1711 3333 ideoque
1732 3289 1888 3322 Proverb.
1907 3301 2033 3336 cap.i7.
2046 3303 2079 3325 n.

1123 3334 1176 3367 18.
1200 3332 1365 3373 habetur,
1383 3334 1506 3377 stultus
1529 3334 1618 3368 homo
1632 3336 1772 3381 plaudet
1799 3335 1948 3371 manibus
1972 3364 1981 3377 .
2005 3350 2078 3371 cum

156 3382 384 3418 Confirmatur
407 3384 514 3429 primo
537 3383 613 3418 haec
631 3383 777 3418 extensio
792 3409 802 3424 ,
823 3382 903 3431 quia
926 3382 949 3416 fi
974 3382 1066 3417 ordi·
1109 3382 1320 3427 spoponderit
1335 3391 1394 3428 pro
1408 3384 1582 3428 amic-osteo
1595 3407 1604 3420 ,
1632 3383 1666 3418 (ς’
1681 3387 1928 3428 cap.22.nu.z6.
1943 3387 2008 3419 noli
2021 3386 2077 3433 effe

106 3431 198 3466 narie
217 3432 360 3466 multum
380 3432 482 3466 detur
501 3443 563 3477 pro
583 3432 857 3478 assecuratione(
880 3441 962 3478 puta
986 3443 1016 3475 3.
1031 3431 1065 3466 in
1118 3440 1189 3463 cum
1210 3429 1260 3461 his
1273 3455 1282 3469 ,
1301 3432 1355 3475 qui
1376 3429 1519 3477 defigunt
1543 3441 1657 3463 manus
1662 3431 1749 3475 suas
1762 3456 1771 3471 ,
1794 3433 1828 3466 ᾤ’
1851 3436 1905 3479 qui
1924 3434 2031 3467 vades
2033 3435 2076 3482 se

113 3489 189 3513 100.
211 3480 258 3513 ob
284 3492 402 3526 magna
429 3479 577 3526 pericula
600 3506 613 3523 ,
638 3491 718 3527 quae
741 3480 940 3526 plerumque
967 3479 1021 3514 vel
1044 3479 1065 3515 ὲ
1117 3478 1248 3522 offeram
1265 3486 1325 3522 pro
1347 3477 1478 3510 debitis.

105 3527 303 3571 tempestate
314 3555 323 3569 ‚
338 3528 391 3563 vel
404 3528 423 3562 a
438 3539 551 3574 piratis
564 3528 733 3561 imminent
745 3554 753 3567 ‚
769 3527 803 3560 ὃ(
816 3537 884 3572 ego
895 3538 934 3560 ex
957 3525 1061 3562 astro-

1161 3523 1321 3569 lniellige
1338 3524 1443 3569 primo
1461 3535 1552 3557 nunc
1568 3520 1722 3570 praefatas
1743 3527 1964 3568 extenfiones,
1982 3530 2015 3563 &
2032 3529 2073 3562 il-

104 3572 198 3620 logia
213 3599 224 3615 ,
250 3576 303 3610 vel
323 3575 460 3610 aliunde
482 3575 651 3622 praesciam
665 3602 675 3617 ‚
700 3587 767 3609 non
790 3573 863 3610 fore
885 3574 1058 3621 tempesta-
1112 3571 1272 3606 lationem
1287 3582 1325 3606 ut
1343 3571 1497 3618 quamvis
1513 3572 1653 3617 pretium
1671 3573 1971 3626 periculi,taxatum
1989 3577 2009 3609 a
2026 3577 2069 3610 le-

104 3631 171 3656 tem
196 3648 206 3663 ‚
234 3623 289 3658 vei
311 3635 349 3658 ex
373 3623 492 3659 litteris
512 3623 608 3657 amici
630 3636 700 3658 non
721 3623 795 3657 fore
817 3622 936 3669 piratas
959 3648 968 3663 ,
1000 3633 1059 3658 aut
1111 3631 1167 3665 ge,
1185 3619 1237 3653 vel
1253 3618 1610 3664 consuetudine‚poffit
1624 3630 1726 3665 aeque
1738 3632 1918 3668 accipipro
1935 3624 2068 3658 debito-

101 3667 180 3706 foro
201 3670 352 3706 securum
371 3672 567 3708 comitatum
580 3697 592 3714 ,
605 3670 735 3719 possum
755 3669 973 3706 nihilominus
986 3681 1058 3716 pre-

1112 3679 1148 3701 re
1164 3666 1269 3711 magis
1289 3666 1495 3712 periculoso,
1505 3668 1587 3701 licut
1604 3678 1667 3712 tro
1684 3680 1790 3702 minus
1808 3671 2018 3715 periculoso,
2031 3683 2069 3705 ut

1618 3714 1661 3747 M
1677 3727 1705 3747 iu
1758 3728 1773 3760 3
1971 3719 2041 3752 dixi
2060 3746 2069 3761 ‚
