2400 3939
264 153 377 208 350

261 234 298 264 4.
329 225 392 256 erit
421 230 530 255 autem
556 219 609 255 lex
631 220 755 266 honesta
774 245 785 260 ‚
805 221 890 266 justa
909 246 919 262 ,
945 218 1096 267 poffibilis
1120 243 1131 258 ‚
1157 217 1223 253 &aa

252 281 330 304 *non
357 269 445 304 enim
470 268 608 303 haberet
635 269 877 304 observantiam
895 294 906 310 ‚
935 270 968 302 dc
996 267 1077 300 ideo
1104 264 1226 300 redde-

263 328 357 352 retur
388 315 540 350 elusoria.
591 316 750 350 Secunda
773 341 783 357 ,
813 315 893 363 quia
923 315 1028 350 Doct.
1061 312 1227 348 firmantes

261 364 508 410 ampliationem
524 390 533 403 ,
549 363 760 410 distinguunt
777 389 788 403 ,
809 376 849 397 an
869 362 1048 409 recipiatur
1060 387 1071 402 ,
1090 361 1143 395 vel
1157 372 1226 395 non

261 413 470 459 recipiatur;
495 411 548 446 sed
571 411 676 447 solum
701 410 930 449 considerant,
958 408 1056 457 quod
1078 409 1164 443 ficut
1182 408 1226 442 de

262 461 339 507 jure
362 461 475 507 potest
500 471 564 505 pro
591 470 722 494 moneta
746 459 843 494 unius
868 460 1016 492 materiae
1050 456 1134 491 solvi
1163 455 1225 490 alia

261 520 395 544 moneta
415 507 563 554 ejusdem
581 507 750 547 materiae,
776 506 965 540 dummodo
984 504 1135 540 creditor
1155 515 1225 538 non

263 555 380 592 sentiat
402 556 559 591 damnum
584 582 594 597 ,
622 556 667 590 ita
699 554 796 589 etiam
823 555 867 589 de
891 552 1138 589 consuetudine
1161 563 1224 598 po-

261 605 326 640 test
350 604 434 639 solvi
456 604 518 638 alia
543 614 677 638 moneta
701 629 710 642 ,
743 601 841 636 etiam
871 602 1009 638 alterius
1040 599 1190 635 materiae
1213 625 1223 639 ‚

263 664 339 688 cum
363 679 374 692 ,
397 662 523 687 attenta
547 651 605 684 issa
625 649 896 691 consuetudine,
923 649 1000 684 haec
1025 648 1086 682 alia
1109 659 1224 682 mone-

262 711 296 737 ta
317 699 450 735 dicatur
475 699 623 745 recipere
640 699 670 732 in
692 709 815 745 genere
836 697 896 732 suo
920 697 1056 732 eandem
1083 695 1226 730 functio-

258 760 338 784 nem
355 775 365 788 ,
395 750 537 783 Marti-a.
562 747 712 781 Lauden.
739 746 773 779 d.
799 746 932 780 tracias.
956 746 997 779 de
1024 754 1140 778 monet.
1160 743 1226 791 sub

263 809 347 832 num.
367 808 421 840 ²3·
440 795 733 841 tom.12.fol.204.
754 796 843 828 Curi.
871 796 940 828 Sen.
961 794 1032 828 eod.
1050 792 1147 826 trasl.
1162 792 1227 838 sith

265 856 410 888 num.23.
429 844 463 879 ὅσ
481 855 537 886 ²4·
552 843 614 888 fol.
631 844 709 876 206.
732 842 766 878 Θ
794 841 915 878 Alber.
934 843 1034 876 Brun.
1054 840 1125 874 eod.
1139 852 1226 874 num.

271 905 300 926 1.
318 893 386 937 fol.
408 893 463 926 28.

184 947 249 982 ¹07
314 939 405 975 Haec
429 951 507 975 cum
525 939 571 974 ita
598 938 661 973 sint
682 965 692 979 ,
716 937 821 972 videri
848 936 956 972 forsan
979 936 1144 983 potuisset
1170 934 1227 967 ali-

265 988 347 1026 cui,
374 987 474 1035 quod
501 990 572 1023 Rot.
598 987 721 1030 divers.
751 986 784 1021 d.
805 986 905 1031 decifi
924 985 1002 1019 688.
1025 998 1097 1020 cum
1111 986 1228 1030 sextin-

267 1040 302 1071 in
322 1039 426 1083 princ.
454 1036 488 1073 (9'
515 1048 600 1069 num.
626 1045 656 1079 5.
680 1035 714 1071 Θ
741 1035 771 1067 6.
800 1033 834 1069 &
855 1034 955 1080 decis.
986 1033 1065 1066 682.
1088 1033 1227 1079 foelicis.

266 1098 353 1120 num.
373 1096 403 1119 1.
425 1087 458 1116 in
479 1083 563 1124 fine,
585 1083 620 1119 (θ’
647 1094 680 1118 a.
707 1084 818 1116 citaris
831 1083 936 1128 fitpra
950 1081 1015 1127 sub
1037 1093 1122 1114 num.
1152 1090 1228 1119 104.

269 1138 287 1182 (
316 1132 401 1166 salva
434 1131 559 1177 semper
588 1129 672 1165 tanti
703 1128 876 1164 tribunalis
914 1129 1097 1163 reverentia
1129 1129 1147 1173 )
1181 1125 1230 1159 fa-

267 1181 428 1217 cultatem
461 1178 611 1214 solvendi
640 1177 672 1212 in
701 1177 762 1213 alia
790 1188 924 1212 moneta
951 1176 1118 1223 superflue
1152 1175 1229 1209 fun-

267 1227 372 1265 dasset
386 1227 419 1262 in
433 1226 634 1262 difficultate
657 1225 838 1270 recipiendi
866 1235 1034 1259 monetam
1056 1224 1230 1264 debitam;

268 1289 342 1313 nam
369 1279 386 1323 (
418 1275 454 1311 sit
477 1277 550 1320 ejus
572 1286 654 1321 pace
683 1273 807 1308 dictum
834 1276 851 1319 )
881 1273 1043 1308 videretur
1072 1269 1232 1306 receffiffe

268 1325 288 1361 ὲ
312 1323 530 1359 conclusione
550 1350 561 1364 ,
586 1323 619 1357 in
646 1321 849 1357 contrarium
875 1321 1000 1356 firmata
1025 1321 1068 1355 de
1084 1318 1230 1365 generali

268 1371 516 1408 consuetudine
544 1398 554 1413 ,
582 1370 627 1405 de
664 1381 732 1418 qua
763 1369 902 1404 testatur
930 1369 1026 1404 etiarn
1062 1368 1127 1413 ipsa
1162 1371 1230 1403 Rot.

270 1432 370 1468 quam
406 1420 508 1454 citavi
530 1421 605 1466 sup.
629 1419 695 1465 sub
731 1430 814 1451 num.
857 1429 932 1459 ¹04·
962 1417 1018 1452 sed
1049 1416 1231 1450 dcendurn

271 1470 317 1504 est
339 1495 349 1510 ‚
381 1467 478 1517 quod
504 1467 595 1502 Rota
619 1468 704 1500 bene
730 1465 884 1511 loquitur
901 1493 909 1503 ,
937 1465 1017 1511 quia
1046 1464 1234 1498 conlidera—

270 1518 328 1552 bat
355 1517 388 1551 in
424 1525 534 1551 mente
561 1542 570 1557 ‚
603 1515 687 1549 hanc
724 1513 1001 1548 consuetudinem
1039 1512 1134 1546 reddi
1164 1510 1234 1544 fere

271 1565 446 1600 clusoriam
478 1590 487 1603 ,
524 1576 601 1598 cum
632 1562 784 1597 creditor
815 1561 942 1608 semper
981 1562 1135 1595 damnum
1165 1559 1236 1593 sen-

271 1613 332 1649 tiat
362 1624 400 1647 ex
432 1611 601 1648 solutione
625 1611 656 1644 in
686 1612 747 1644 alia
774 1621 907 1644 moneta
933 1636 943 1650 ,
976 1621 1077 1655 quarn
1102 1608 1133 1641 in
1163 1620 1233 1643 rno-

271 1671 349 1696 neta
374 1660 485 1694 debita
504 1686 514 1701 ,
538 1670 576 1695 ut
597 1659 665 1693 d÷xi
684 1671 769 1693 num.
789 1660 882 1705 seqq.
904 1660 936 1691 in
954 1657 1022 1701 fine
1038 1684 1046 1696 ,
1071 1658 1157 1695 verfi
1183 1659 1235 1689 in-

261 1710 352 1756 fero.
380 1719 453 1756 quo
477 1707 600 1742 damno
624 1706 796 1753 supposito
816 1731 827 1747 ,
848 1717 961 1752 neque
986 1706 1029 1739 de
1052 1704 1235 1739 consuetu-

272 1756 351 1791 dine
382 1756 516 1792 tolerari
552 1756 656 1790 debet
681 1755 804 1790 solutio
831 1753 862 1787 in
886 1755 947 1788 alia
974 1764 1106 1788 moneta
1137 1779 1146 1793 ‚
1180 1751 1237 1786 nisi

272 1806 413 1853 quando
443 1815 575 1838 moneta
605 1803 718 1838 debita
747 1815 815 1837 non
842 1803 1042 1848 reperiretur
1069 1827 1078 1840 ‚
1103 1801 1237 1848 hacque

272 1853 422 1888 adhibita
448 1852 717 1888 confideratione
733 1877 741 1891 ,
768 1850 899 1885 tollitur
923 1851 1037 1884 eadem
1061 1848 1235 1896 superflui-

273 1913 321 1938 tas
336 1928 344 1942 ,
375 1913 442 1948 qua
465 1902 574 1936 notari
597 1898 758 1947 potuisset
786 1902 915 1932 Sarnen.
943 1900 976 1933 d.
1001 1910 1029 1944 q.
1047 1897 1077 1930 8.
1102 1902 1134 1931 in
1152 1897 1238 1937 fine,

271 1950 353 1985 dum
374 1948 551 1994 distinguit
573 1975 582 1989 ,
607 1962 647 1983 an
668 1947 791 1982 solutio
819 1946 856 1981 lit
876 1945 1029 1981 facienda
1051 1945 1083 1978 in
1105 1945 1211 1980 Curia
1228 1971 1237 1986 ,

275 1997 328 2034 vel
352 1997 384 2032 in
409 1997 572 2043 partibus.

190 2044 256 2079 108
320 2045 590 2083 Declaramunc
615 2055 677 2090 pro
707 2043 927 2090 intelligentia
955 2051 1020 2075 tam
1049 2040 1237 2087 ampliatio-

271 2095 322 2130 nis
346 2120 355 2136 ,
385 2105 485 2141 quam
516 2091 799 2137 subampliationis
823 2118 832 2131 ,
858 2102 896 2126 ut
926 2091 1075 2125 creditor
1103 2090 1237 2125 dicatur

270 2143 427 2179 damnum
447 2140 516 2187 pati
543 2167 553 2181 ,
578 2151 645 2174 non
675 2151 715 2174 ex
743 2151 784 2174 eo
803 2166 811 2178 ,
839 2139 919 2187 quia
942 2139 995 2172 illa
1025 2149 1155 2172 meneta
1181 2137 1239 2171 libi

271 2203 340 2227 nou
372 2190 483 2237 placet
503 2216 512 2230 ‚
541 2189 576 2224 &
602 2187 680 2222 ideo
707 2187 739 2222 in
762 2188 850 2222 illius
874 2185 1041 2222 solutione
1063 2185 1211 2221 dissentit
1226 2212 1235 2226 ,

270 2250 310 2275 ut
336 2237 474 2287 quidam
502 2235 729 2271 existimabant
753 2262 762 2275 ,
803 2237 856 2270 sed
888 2247 927 2270 ex
963 2246 1005 2269 eo
1030 2261 1040 2275 ,
1081 2233 1180 2281 quod
1205 2234 1238 2267 in

272 2287 326 2322 illa
356 2285 526 2322 solutione
559 2283 686 2331 patitur
716 2283 975 2319 diminutionem
1003 2283 1194 2329 patrimonii
1227 2308 1236 2323 ,

272 2338 368 2371 Bart.
386 2338 419 2369 in
443 2336 466 2369 1.
484 2345 540 2377 99.
566 2333 703 2369 Paulus.
718 2332 784 2380 sub
806 2332 979 2376 num-3.ff2
1004 2331 1046 2365 de
1058 2331 1163 2377 sblut.
1187 2330 1236 2365 di-

273 2385 363 2420 citur
399 2393 483 2429 ergo
519 2381 551 2416 in
582 2380 759 2427 propofito
786 2381 942 2416 damnum
970 2379 1038 2426 pati
1063 2404 1072 2418 ‚
1099 2380 1237 2426 quando

272 2445 336 2479 pro
358 2441 491 2466 moneta
516 2431 611 2465 brevi
633 2439 817 2474 cogeretur
839 2428 990 2474 recigere
1012 2428 1168 2473 longam,
1202 2427 1237 2462 id

273 2482 320 2515 est
336 2505 346 2520 ,
361 2477 582 2526 ponderosam
605 2477 638 2510 δε
663 2476 742 2510 esset
769 2477 878 2511 iturus
895 2477 927 2510 in
945 2477 1147 2523 longinquas
1165 2488 1236 2522 par-

274 2539 354 2570 tes·‚
377 2538 450 2560 narn
475 2524 644 2560 difficilius
667 2536 821 2571 portatur
846 2525 948 2570 longa
965 2550 974 2563 ,
994 2536 1094 2571 quam
1112 2524 1236 2565 brevis,

274 2578 415 2613 Marrin.
445 2576 592 2609 Lauden.
614 2573 709 2606 trabi.
728 2573 770 2606 de
795 2585 909 2607 monet.
919 2572 983 2619 sub
1002 2569 1087 2607 n‘um.
1105 2585 1138 2614 4.
1164 2572 1211 2606 ibi
1224 2598 1234 2613 ‚

274 2627 383 2661 limita
400 2622 457 2657 hoc
476 2634 590 2656 verum
608 2622 673 2668 effe.
691 2631 825 2655 romaz.
840 2623 985 2667 tid-²03·
1005 2618 1096 2654 unde
1117 2621 1139 2654 fi
1159 2620 1237 2667 quis

273 2670 444 2708 mutuavit
465 2671 608 2706 ducatos
632 2669 787 2703 Venetos
809 2696 819 2710 ,
850 2671 882 2706 &
909 2668 1133 2704 mutuatarius
1162 2668 1236 2703 vult

273 2720 446 2756 restituere
461 2718 611 2753 testones
631 2716 917 2756 Mediolanenses,
942 2717 975 2751 ὃς
999 2727 1173 2751 mutuator
1190 2716 1236 2751 est

274 2771 381 2805 iturus
395 2768 436 2802 ad
458 2777 566 2811 partes
584 2763 761 2798 maritimas
774 2791 783 2803 ,
799 2768 832 2800 &
851 2765 1054 2812 longinquas
1068 2790 1076 2803 ,
1098 2765 1156 2799 ubi
1175 2765 1236 2800 du-

274 2828 371 2854 catus
389 2817 542 2851 Venetus
565 2811 668 2858 magis
687 2812 731 2845 est
756 2825 930 2860 congruus
945 2839 954 2853 ,
978 2822 1154 2847 mutuator
1170 2825 1237 2848 non

275 2864 413 2912 cogitur
439 2862 514 2898 illos
538 2860 685 2906 recipere
708 2885 718 2898 ,
745 2863 834 2894 Cure.
858 2863 941 2896 Sem.
964 2861 1035 2894 eod.
1059 2861 1152 2895 trust.
1171 2860 1237 2909 sub

275 2925 398 2958 namq.
423 2911 525 2956 &sub
540 2908 848 2955 num.24.fol.io5.
867 2909 902 2945 (ν’
924 2910 1000 2942 206.
1023 2907 1112 2942 Itern
1129 2908 1151 2941 si
1167 2920 1236 2943 cre-

276 2962 370 2996 ditor
391 2959 562 2994 scutorum
583 2956 660 2990 solis
682 2956 728 2989 est
753 2955 864 2991 iturus
884 2958 915 2991 in
940 2957 1081 2990 Galliam
1096 2982 1105 2996 ,
1130 2957 1163 2991 ὃ(
1179 2957 1235 2991 de-

275 3010 370 3044 bitor
391 3008 465 3042 vult
488 3006 566 3041 dare
587 3006 733 3039 ducatos
748 3031 756 3043 ,
779 3005 839 3051 qui
858 3005 891 3039 in
910 3005 1019 3040 Gallia
1040 3005 1236 3049 expendun-

278 3069 332 3093 tur
346 3068 408 3103 pro
428 3053 547 3088 minori
567 3053 678 3087 valore
695 3079 704 3091 ,
726 3053 759 3087 dc
782 3064 846 3087 11011
868 3053 914 3086 est
937 3063 1066 3087 tanturn
1088 3051 1238 3087 intereffe

278 3117 342 3151 pro
368 3103 538 3138 delatione
554 3100 727 3135 scutorum
744 3099 817 3135 solis
839 3113 845 3134 :
870 3100 956 3135 Item
980 3101 1000 3134 si
1018 3099 1153 3134 debitor
1173 3101 1236 3135 du-

277 3163 431 3188 catorum
459 3150 670 3184 Venetorum
686 3174 695 3187 ,
722 3159 780 3182 aut
802 3149 1028 3183 Genuenfium
1051 3147 1237 3190 creditori,

277 3200 369 3234 ituro
388 3199 429 3232 acl
452 3207 560 3243 partes
581 3196 758 3229 orientales
775 3222 784 3235 ,
812 3198 867 3230 ubi
894 3197 974 3232 tales
997 3196 1113 3230 ducati
1135 3197 1238 3241 magis

280 3248 536 3293 cognoscuntur
549 3271 558 3284 .
579 3245 612 3278 &
640 3242 728 3278 forte
748 3243 821 3278 sunt
840 3245 974 3290 majoris
991 3243 1088 3289 pretii
1105 3269 1114 3284 ,
1138 3244 1238 3278 vellet

279 3295 358 3329 dare
379 3295 471 3329 scuta
488 3320 496 3333 ‚
521 3303 579 3327 aut
599 3291 689 3325 aliud
715 3302 822 3337 genus
847 3292 1049 3327 ducatorum
1072 3302 1080 3325 :
1108 3291 1195 3325 Item
1216 3292 1240 3325 {i

280 3342 462 3380 creditori,
489 3341 643 3386 obligato
669 3338 728 3374 sub
748 3352 847 3378 poena
864 3339 906 3374 ad
928 3340 1076 3374 dandum
1094 3363 1104 3380 ‚
1123 3339 1157 3373 ὅ(
1176 3339 1240 3373 sol-

281 3391 428 3424 vendurn
450 3387 549 3422 alicui
573 3387 720 3423 ducatos
746 3387 901 3422 Venetos
918 3414 927 3428 ,
955 3387 1240 3432 debitor-[obliga-

282 3436 499 3475 tusffimiliter
525 3435 567 3469 ad
591 3434 770 3470 solvendos
798 3433 943 3471 ducatos
964 3435 1119 3470 Venetos
1142 3436 1243 3471 vellet

281 3485 360 3519 dare
384 3484 477 3517 aliam
502 3491 669 3517 monetam
691 3496 698 3518 :
721 3482 802 3529 quia
823 3483 886 3517 isso
906 3482 981 3517 casu
1006 3482 1156 3517 creditor
1172 3494 1242 3517 non

286 3540 455 3567 teneretur
483 3541 553 3564 eam
580 3530 729 3573 recipere
749 3556 759 3570 ‚
788 3540 868 3565 cum
895 3530 962 3576 ipse
992 3529 1029 3563 fit
1060 3530 1119 3564 sub
1142 3541 1243 3576 poena

286 3579 457 3627 obligatus
484 3576 612 3612 solvere
635 3577 783 3612 ducatos
807 3578 962 3614 Venetos
983 3589 996 3620 3
1020 3576 1154 3612 demum
1175 3578 1244 3612 hoc

283 3627 440 3663 damnum
460 3623 570 3671 potest
600 3624 800 3661 considerari
831 3626 865 3661 in
898 3625 1070 3662 delatione
1094 3651 1104 3666 ,
1141 3636 1245 3672 prout

659 129 1013 212 Sigismundi
1038 129 1280 186 Scacciae
1307 128 1505 188 Trad‘c.
1531 128 1606 187 de
1634 131 1926 189 Commer.

1276 216 1354 252 haec
1383 217 1493 251 omnia
1523 217 1711 252 confiderat
1749 218 1867 252 Alber.
1897 220 2000 254 Brun.
2027 219 2163 255 uastat.
2195 222 2240 256 de

1277 277 1392 299 monet.
1408 265 1473 301 (σε.
1489 268 1522 299 in
1542 278 1573 298 κ.
1587 264 1794 312 prasupposir.
1807 266 1872 309 sub
1894 278 2015 302 numa.
2034 269 2121 314 versi
2131 270 2237 317 postet.

1278 313 1313 349 (Ξ
1336 325 1458 358 num.3.
1479 312 1774 360 rom.12.fol.2o8.
1798 313 1945 360 haecque
1961 315 2076 350 eadem
2095 315 2213 351 damna
2226 343 2238 359 ,

1280 361 1313 396 ὃ(
1335 360 1549 395 incommoda
1564 387 1574 400 ,
1597 371 1744 406 excepto
1765 361 1887 396 damno
1910 374 2013 408 poena
2028 390 2040 404 ,
2059 363 2156 411 quod
2170 377 2240 399 non

1280 409 1508 448 enumeravit,
1531 408 1690 443 advertit.
1717 407 1790 443 Sola
1812 410 1908 443 irati.
1925 411 1967 443 de
1987 413 2238 459 moneamus-26.

1278 457 1368 492 Item
1395 457 1567 495 diceretur
1591 456 1747 490 damnum
1772 456 1868 499 pati,
1890 458 2030 504 quando
2053 459 2146 494 valor
2169 472 2241 495 mo-

1279 515 1369 538 netae
1386 530 1396 545 ,
1431 516 1532 552 quam
1560 503 1710 538 creditor
1735 502 1837 538 offert
1860 530 1870 545 ,
1901 504 1968 539 effe
1995 508 2204 554 aequivalens
2226 533 2240 550 ‚

1279 562 1411 587 attento
1437 552 1551 587 valore
1568 579 1577 593 ,
1601 561 1716 586 taxato
1738 552 1757 586 a
1780 552 1936 598 Principe
1955 553 1989 588 in
2011 555 2154 600 publicis
2168 555 2241 591 edi·-

1280 599 1338 633 &is
1355 625 1366 640 ,
1385 599 1442 635 seu
1464 599 1564 634 cridis
1581 612 1594 643 3
1612 598 1670 634 sed
1693 598 1772 634 eslet
1794 599 1930 635 inferior
1945 627 1954 640 ,
1972 613 2105 638 attento
2127 603 2241 639 valore

1281 648 1456 687 currenti,
1483 659 1522 683 ut
1542 658 1623 694 puta
1641 673 1650 688 ,
1674 646 1696 680 fi
1722 647 1861 682 debitor
1883 647 1963 684 effet
1987 650 2159 697 obligatus
2175 649 2241 686 sol-

1279 707 1358 729 vere
1387 694 1596 732 scutosvauri
1621 696 1652 728 in
1679 706 1762 729 auro
1787 695 1898 730 Italiae
1914 723 1925 737 ‚
1949 698 2050 742 cujus
2077 698 2163 734 scuti
2184 710 2242 733 va·-

1278 743 1330 778 lor
1355 743 1387 777 in
1412 744 1552 790 publico
1579 743 1691 778 edicto
1718 741 1799 778 ess'et
1824 754 1955 778 taxatus
1976 745 2068 788 lib.4.
2087 742 2183 794 sol.7.
2202 746 2238 782 d.

1282 793 1313 825 6.
1335 794 1368 827 δι
1387 791 1420 826 111
1443 791 1589 827 currenti
1611 789 1709 826 cursu
1737 791 1861 826 valeret
1884 791 1978 835 lib.4.
1996 793 2056 828 sol.
2081 808 2132 840 ¹7·
2160 795 2241 842 quia

1278 839 1341 874 isto
1373 839 1451 874 casu
1482 839 1584 876 debet
1609 837 1740 874 attendi
1764 840 1858 874 valor
1882 851 2018 876 currens
2055 842 2240 878 secundum

1279 888 1369 924 usum
1386 914 1395 928 ,
1424 888 1457 922 &
1481 886 1759 923 consuetudinem
1775 914 1784 928 ‚
1813 888 1847 922 ἀ
1872 900 1940 923 non
1965 890 2058 925 valor
2076 917 2085 931 ,
2109 891 2241 938 imposi-

1281 947 1336 972 tus
1369 935 1482 970 edicto
1505 962 1515 977 ‚
1542 947 1644 984 quem
1664 961 1673 975 ‚
1700 934 1824 970 sciente
1840 962 1849 975 ,
1877 937 1910 971 ὅ(
1936 938 2085 983 patiente
2113 938 2242 974 Princi-

1279 996 1322 1030 pe
1339 1010 1348 1024 ,
1372 985 1520 1030 populus
1541 997 1608 1018 non
1632 982 1766 1027 servat;
1788 984 1869 1030 quia
1891 994 1974 1019 tunc
1995 987 2122 1022 dieitur
2142 986 2239 1023 Prin-

1279 1044 1360 1078 ceps
1388 1032 1434 1066 illi
1461 1033 1565 1067 valoti
1588 1031 1692 1066 usuali
1725 1058 1735 1072 ,
1767 1030 1822 1066 seu
1847 1032 2149 1070 consuetudinario
2183 1047 2240 1071 ac-

1281 1080 1468 1127 quievisse,
1496 1081 1529 1115 ὃς
1558 1081 1804 1126 consequenter
1828 1080 1905 1114 usus
1929 1107 1939 1120 ‚
1969 1084 2002 1117 ὅ(
2024 1082 2241 1119 consuetudo

1280 1129 1443 1174 praevalet
1461 1155 1471 1169 ,
1498 1138 1538 1163 ut
1567 1128 1716 1162 scribunt
1742 1128 1854 1162 Franc.
1882 1128 1924 1161 de
1944 1133 2042 1164 Aret.
2066 1132 2170 1176 constl.
2188 1144 2240 1166 n.

1275 1177 1528 1223 procedendum.
1551 1177 1648 1221 σοις.
1671 1176 1792 1224 Colleg.
1819 1178 1951 1223 Papian.
1973 1181 2007 1211 in
2022 1181 2105 1226 cons.
2125 1183 2216 1214 unico
2229 1206 2240 1221 ‚

1281 1227 1313 1258 in
1339 1228 1479 1259 materia
1503 1227 1669 1272 augmenti
1693 1234 1820 1257 monetae
1835 1250 1844 1263 ,
1867 1223 1927 1268 sub
1952 1239 2135 1272 numer.13.
2154 1230 2241 1276 vers.

1280 1285 1337 1306 nec
1360 1285 1415 1305 nos
1442 1283 1560 1306 movet.
1588 1275 1672 1305 inter
1694 1272 1790 1305 irael.
1818 1272 1942 1319 diverfi
1966 1274 2009 1307 de
2038 1286 2151 1310 monet.
2181 1277 2243 1310 Re-

1281 1333 1349 1354 ner.
1369 1321 1457 1354 Btcd.
1482 1321 1615 1354 traslar.
1636 1320 1678 1352 de
1698 1331 1811 1353 monet.
1835 1331 1967 1366 tapso.
1983 1334 2106 1370 num.7.
2127 1325 2242 1371 &seq.

1282 1369 1315 1404 ὠ
1344 1381 1430 1402 num.
1463 1380 1516 1402 ιο.
1547 1369 1580 1403 &
1603 1379 1644 1401 an
1672 1367 1748 1401 haec
1781 1368 2025 1404 inobservantia
2051 1370 2152 1406 edisti
2183 1372 2244 1406 de-

1280 1418 1355 1455 beat
1379 1415 1445 1450 esse
1470 1417 1571 1462 longa
1591 1442 1600 1456 ‚
1625 1417 1659 1449 ὅ(
1687 1414 1879 1462 praescripta
1901 1427 1959 1462 per
1979 1417 2098 1453 decem
2114 1431 2244 1461 annoS,

1281 1475 1339 1498 aut
1366 1463 1505 1498 sufficiat
1524 1463 1657 1510 simplex
1683 1463 1924 1498 inobservantia
1941 1491 1950 1504 ,
1976 1467 2055 1501 vide
2073 1469 2173 1502 Aret.
2188 1468 2246 1502 ubi

1271 1516 1348 1561 sup.
1382 1523 1484 1559 quem
1518 1511 1702 1560 sequuntur
1735 1513 1856 1561 Colleg.
1888 1514 2022 1560 Papien.
2058 1516 2093 1552 &³
2129 1517 2242 1550 Rener.

1282 1561 1370 1595 Bud.
1393 1564 1426 1594 in
1449 1562 1527 1595 locis
1544 1587 1553 1602 ,
1566 1562 1671 1607 fiipra
1686 1585 1694 1599 ‚
1715 1563 1860 1607 proxime
1876 1564 1987 1595 citatis
2001 1587 2012 1602 ‚
2033 1564 2066 1598 ὅ(
2080 1563 2122 1598 ad
2139 1574 2244 1611 quem

1282 1611 1314 1643 se
1342 1609 1481 1644 remittit
1506 1611 1608 1643 Brun.
1628 1608 1763 1641 emetat.
1789 1608 1831 1642 de
1852 1619 1966 1643 monet.
1999 1610 2096 1646 lt'mie.
2127 1624 2157 1658 3.
2177 1612 2244 1658 sub

1283 1670 1370 1691 num.
1391 1669 1423 1691 2.
1448 1657 1485 1693 ὃς
1509 1657 1554 1690 ob
1577 1655 1713 1690 eandem
1747 1655 1909 1689 rationem
1936 1656 2111 1693 diceretur
2135 1659 2245 1694 credi·

1282 1717 1336 1741 tor
1365 1703 1520 1739 damnum
1544 1704 1613 1751 pati
1643 1705 1675 1737 in
1698 1703 1840 1738 civitate
1867 1704 2003 1741 Genuae
2025 1732 2034 1747 ‚
2061 1707 2083 1741 fi
2110 1707 2246 1743 debitor

1283 1751 1366 1789 esset
1392 1754 1564 1800 obligatus
1580 1752 1709 1787 solvere
1730 1751 1846 1786 scucos
1867 1763 2071 1800 argenteos,
2092 1754 2150 1790 seu
2174 1767 2246 1790 mo-

1284 1813 1392 1841 netam
1419 1802 1462 1836 de
1491 1800 1671 1835 cartulario
1695 1825 1704 1838 ,
1734 1800 1768 1834 ὅ(
1793 1800 1893 1834 vellet
1919 1800 2051 1837 solvere
2078 1814 2246 1840 monetam

1283 1851 1315 1885 in
1343 1849 1478 1885 soldinis
1499 1866 1509 1890 5
1536 1848 1592 1883 seu
1615 1848 1647 1882 in
1674 1848 1744 1881 aliis
1768 1848 2009 1884 minutioribus
2033 1851 2174 1886 nummis
2197 1863 2246 1887 ae-

1283 1898 1345 1933 reis
1366 1925 1375 1939 ,
1404 1908 1461 1932 aut
1484 1897 1517 1931 in
1539 1897 1600 1931 alia
1620 1907 1755 1930 moneta
1771 1923 1779 1935 ,
1799 1907 1868 1943 que
1885 1908 1953 1930 non
1977 1897 2015 1932 fit
2035 1898 2079 1933 de
2099 1901 2246 1935 cartula-

1285 1959 1333 1981 rio
1346 1959 1357 1989 ·,
1372 1947 1451 1993 quia
1464 1972 1472 1986 ,
1495 1956 1572 1979 curn
1588 1955 1720 1978 moneta
1746 1943 1789 1978 de
1810 1945 1991 1980 cartulario
2010 1946 2048 1982 sit
2068 1947 2172 1994 magis
2189 1960 2246 1983 ex-

1283 1995 1458 2041 pendibilis
1478 2020 1488 2034 ‚
1519 1995 1552 2028 ὅ(
1580 1992 1757 2039 recipiatur
1785 1991 1820 2027 S.
1860 1992 2016 2040 Georgio
2045 1994 2145 2041 Reip.
2175 1998 2247 2032 Ge.

1285 2043 1412 2077 nuensis
1427 2069 1435 2083 ,
1459 2043 1492 2076 ὃς
1517 2051 1651 2075 moneta
1668 2040 1792 2075 minuta
1811 2067 1820 2081 ,
1840 2041 1896 2075 seu
1918 2042 1980 2075 alia
1996 2069 2005 2084 ,
2024 2055 2106 2090 quae
2124 2056 2192 2079 non
2208 2045 2247 2081 sit

1283 2090 1327 2124 de
1357 2090 1538 2125 cartulario
1559 2116 1567 2130 ,
1602 2101 1668 2123 non
1692 2088 1872 2134 recipiatur
1898 2115 1908 2129 ‚
1943 2091 2067 2139 utique
2097 2093 2247 2128 creditor

1285 2139 1440 2173 damnum
1468 2148 1661 2185 pateretur,
1680 2147 1765 2170 ⁴cum
1788 2148 1827 2171 ex
1848 2136 1901 2171 illa
1924 2150 1990 2172 non
2013 2138 2120 2185 posset
2136 2141 2248 2176 facere

1283 2186 1486 2221 solutionem
1506 2186 1538 2219 in
1560 2183 1757 2230 S.Ge0rg'=0
1774 2211 1782 2224 ‚
1803 2196 1907 2232 quare
1930 2187 2080 2222 creditor
2102 2187 2177 2224 satis
2193 2188 2246 2224 di-

1284 2235 1371 2270 citur
1391 2235 1546 2269 damnum
1563 2233 1632 2279 pati
1651 2259 1660 2272 ,
1684 2232 1824 2280 quando
1848 2245 1980 2268 monera
1999 2235 2112 2271 debita
2129 2237 2247 2271 melius

1284 2283 1484 2330 expenditur
1502 2309 1511 2322 ‚
1535 2283 1676 2316 Mzrtin.
1692 2281 1846 2315 Lauden.
1865 2282 1998 2316 traslat.
2017 2283 2060 2317 de
2077 2297 2191 2319 monet.
2213 2297 2246 2319 n.

1288 2343 1318 2377 5.
1336 2333 1450 2378 versus
1470 2330 1564 2370 finem
1580 2330 1751 2375 ‚f0l.203.
1774 2331 1807 2364 ὅ(
1834 2328 1939 2367 facit.
1965 2331 2063 2377 quod
2082 2332 2177 2368 scribi
2199 2336 2247 2367 in-

1275 2382 1340 2427 fra
1354 2379 1416 2425 sub
1441 2391 1524 2412 num.
1547 2389 1558 2410 1
1572 2391 1622 2426 ¹7·
1651 2376 1697 2412 Et
1717 2377 1851 2411 demum
1873 2376 2008 2412 difficile
2027 2379 2073 2414 est
2097 2381 2247 2427 recipere

1284 2426 1394 2462 casum
1409 2453 1419 2468 ,
1440 2427 1472 2460 in
1498 2438 1568 2474 quo
1594 2425 1746 2461 creditor
1769 2425 1910 2472 aliquod
1936 2425 2091 2462 damnum
2107 2441 2172 2463 non
2192 2440 2249 2476 pa-

1285 2476 1386 2511 tiatur
1417 2488 1429 2518 3
1459 2475 1536 2508 alias
1566 2474 1752 2508 creditores
1784 2472 1902 2507 frustra
1926 2473 1984 2509 sibi
2015 2474 2046 2508 in
2069 2477 2248 2512 commea

1285 2523 1504 2570 providerent
1525 2522 1567 2557 de
1582 2521 1747 2570 qualitate
1762 2531 1971 2556 monetarum
1987 2521 2222 2559 solvendarum
2234 2550 2246 2567 ‚

1285 2572 1308 2606 fi
1333 2584 1398 2606 una
1430 2571 1487 2605 fibi
1520 2582 1589 2605 non
1614 2568 1694 2604 esset
1721 2567 1837 2604 utilior
1860 2596 1869 2610 ,
1898 2569 2000 2604 altera
2030 2574 2048 2606 ε’
2069 2573 2211 2610 accedat
2235 2599 2247 2614 ‚

1285 2619 1383 2667 quod
1418 2618 1558 2665 pecunia
1585 2618 1684 2652 habet
1716 2628 1819 2652 unum
1848 2618 2020 2663 proprium
2053 2619 2146 2654 usum
2171 2647 2181 2661 ,
2211 2621 2247 2656 δι

1287 2667 1414 2703 multos
1438 2666 1521 2700 alios
1548 2665 1748 2712 improprios
1772 2691 1781 2705 ,
1805 2666 1860 2700 seu
1881 2665 2118 2709 secundarios,
2139 2678 2178 2702 ut
2198 2668 2246 2704 se-

1287 2726 1389 2750 cutus
1410 2715 1476 2750 sum
1494 2716 1526 2760 ξ.
1544 2715 1749 2762 praecedenti.
1764 2725 1831 2760 q.4.
1847 2715 1993 2748 nun'r.28.
2010 2717 2045 2753 (7
2060 2729 2124 2764 q.7.
2137 2726 2245 2764 par-1.

1277 2764 1343 2811 sub
1367 2777 1454 2797 num.
1474 2764 1530 2796 61.

1338 2810 1355 2845 Ι
1362 2811 1455 2846 nfero
1470 2822 1510 2845 ex
1529 2811 1592 2845 hac
1605 2808 1853 2850 declaratione,
1868 2810 2146 2847 consuetudinem
2160 2812 2247 2852 hanc

1289 2859 1438 2895 solvendi
1460 2859 1491 2892 in
1513 2859 1574 2893 alia
1596 2857 1706 2903 specie
1725 2867 1872 2891 monetae
1896 2885 1904 2899 ‚
1929 2859 1962 2893 ὅ(
1987 2858 2072 2893 illam
2095 2859 2247 2896 confide—

1289 2909 1451 2944 rationem
1466 2933 1475 2947 ,
1488 2907 1544 2941 cui
1555 2905 1707 2940 innititur
1722 2914 1787 2939 tam
1803 2904 1879 2940 haec
1895 2906 2109 2942 consuetudo
2121 2933 2131 2947 ‚
2147 2919 2247 2956 quarn

1290 2957 1388 2992 etiarn
1411 2955 1491 3001 juris
1510 2953 1701 3000 dispositio,
1721 2952 1878 2989 videlicet
1892 2980 1902 2995 ,
1925 2954 1946 2988 fi
1964 2955 2115 2990 creditor
2138 2967 2177 2991 ex
2196 2956 2246 2995 so-

1290 3004 1422 3039 lutione
1439 3004 1470 3036 in
1494 3002 1555 3036 alia
1579 3001 1688 3048 specie
1703 3000 1858 3035 damnum
1880 3014 1948 3036 non
1971 3003 2130 3050 patiatar,
2153 3003 2250 3039 reddi

1290 3051 1443 3086 inutilem
1466 3077 1475 3090 ,
1505 3051 1538 3085 ἀ
1557 3051 1715 3092 inanem3
1741 3048 1820 3095 quia
1847 3061 1912 3084 non
1942 3052 1987 3085 est
2013 3052 2092 3087 dare
2113 3053 2248 3094 casum,

1292 3101 1324 3134 in
1355 3111 1428 3147 quo
1460 3111 1528 3134 non
1556 3096 1652 3144 possit
1681 3096 1879 3133 considerari
1915 3099 2056 3147 aliquod
2089 3099 2251 3136 creditori

1292 3148 1467 3186 damnum,
1494 3157 1532 3181 ut
1555 3155 1646 3192 patet
1659 3158 1699 3180 ex
1711 3143 1864 3179 detinetis
1877 3145 1907 3179 in
1921 3147 1983 3181 hac
2000 3147 2251 3184 declaratione:

1295 3197 1326 3230 &
1347 3195 1491 3240 proinde
1510 3221 1521 3236 ,
1544 3193 1717 3241 suppofito
1740 3191 1837 3239 quod
1863 3206 1998 3230 moneta
2020 3195 2132 3230 debita
2152 3194 2252 3242 poffit

1295 3242 1429 3290 reperiri
1459 3243 1492 3277 in
1526 3242 1606 3277 loco
1632 3269 1643 3284 ,
1678 3241 1737 3276 ubi
1764 3239 1834 3273 fieri
1858 3241 1960 3277 debet
1987 3243 2112 3281 solutio
2144 3244 2253 3290 praxis

1295 3290 1481 3325 indistinfle
1507 3290 1694 3324 debitorem
1724 3287 1927 3324 condemnat
1951 3290 1994 3325 ad
2022 3303 2092 3326 eam
2118 3289 2255 3326 solven-

1297 3338 1371 3372 dam
1399 3351 1412 3382 ;
1439 3338 1538 3386 quod
1562 3338 1586 3372 fi
1611 3349 1680 3373 non
1703 3335 1890 3382 reperiatur
1915 3337 1947 3372 in
1979 3339 2060 3374 loco
2084 3366 2094 3380 ,
2124 3337 2179 3374 sed
2203 3351 2254 3375 re-

1299 3387 1447 3432 periatur
1471 3385 1549 3420 alibi
1568 3412 1578 3426 ‚
1614 3385 1677 3421 erit
1712 3383 1849 3419 debitor
1885 3384 1997 3422 saltem
2032 3385 2258 3422 condemnan-

1298 3434 1363 3468 dus
1385 3433 1428 3467 ad
1455 3434 1490 3468 id
1509 3459 1519 3474 ,
1547 3432 1648 3481 quod
1679 3430 1857 3467 creditoris
1887 3432 2020 3470 interest
2043 3461 2053 3477 ‚
2081 3446 2151 3469 non
2174 3434 2261 3471 solvi

1300 3481 1332 3514 in
1352 3482 1496 3527 pecunia
1516 3480 1643 3516 debita.

1349 3529 1554 3564 Subdeclara
1573 3529 1679 3575 primo
1697 3528 1784 3562 hanc
1803 3527 2063 3564 declarationem
2077 3556 2086 3571 ‚
2107 3530 2187 3564 dum
2209 3531 2261 3567 di·
2273 3539 2333 3572 ¹09

1301 3575 1334 3610 xi
1355 3576 1595 3611 attendendum
1615 3576 1681 3611 effe
1700 3577 1846 3611 valorem
1874 3588 2061 3612 currentem
2077 3603 2087 3618 ,
2107 3580 2141 3612 ὅ(
2165 3579 2263 3614 usua-

1302 3623 1379 3665 lem,
1398 3622 1452 3658 seu
1470 3623 1804 3659 consuetudinarium
1816 3625 1942 3670 potius,
1955 3635 2056 3673 quarn
2073 3626 2187 3661 valore
2205 3628 2263 3662 im-

2119 3674 2265 3719 positum
