2400 3939
284 161 349 212 43
363 163 397 195 0
661 140 1015 226 Sigismundi
1041 145 1242 206 Scacci

285 327 436 361 troversa
448 355 457 368 ,
473 329 508 362 ὃς
523 330 814 372 conclusionibus,
834 330 946 365 valide
963 329 1106 375 sumpta,
1123 328 1156 362 in
1169 326 1236 360 lioc

288 376 435 410 recursae
457 376 592 411 cambio
615 377 777 413 videntur
797 377 1047 413 contemnenda
1061 403 1070 418 ,
1097 387 1156 424 per
1176 385 1238 416 ea,

290 422 360 456 dixi
372 427 478 472 supra
498 426 728 471 νμᾳςάηῇκε,
743 427 777 464 (ἃ
796 440 826 459 n.
839 439 894 467 24.
913 427 1053 472 &seqq.

341 472 481 516 Quinto
497 472 655 520 suppono
668 501 677 515 ‚
695 475 793 522 quod
806 474 875 508 issae
887 474 1053 514 sthenes,
1063 472 1097 506 δε
1111 471 1237 516 impro-

294 520 451 567 prietates
477 521 662 557 tolerantnr
685 524 716 556 in
744 522 877 557 cambio
893 549 902 562 ,
931 521 1012 570 quia
1031 532 1103 555 non
1128 519 1237 553 solum

293 579 360 603 non
381 569 516 604 causant
540 569 659 604 dolum
675 596 685 611 ‚
712 571 767 604 sed
791 582 853 604 nec
872 570 966 606 alteri
992 567 1237 615 praejudicium

294 616 452 659 inserunt,
467 629 524 662 per
543 629 580 651 ea
596 617 795 666 quaescripli
811 620 901 665 infra
912 628 998 659 n.41.
1011 615 1196 663 ναίὴ-,βά
1205 617 1238 648 in

293 666 432 707 cambio,
452 667 529 700 alias
546 666 567 699 ii
584 666 756 702 causarent
773 667 902 709 dolum,
915 667 969 701 vel
983 664 1153 706 damnum,
1169 662 1237 697 uti·

296 725 365 761 que
387 726 454 749 non
474 714 711 750 tolerarentur.

344 761 452 797 Sexto
476 762 646 809 suppono,
675 764 771 811 qnod
795 764 889 799 fieti&
906 791 914 804 ,
942 762 997 798 seu
1023 760 1238 808 repraesenta-

295 810 345 845 tio
363 810 508 856 plurium
522 812 734 857 personarum
748 839 756 853 ,
773 823 810 847 ut
824 811 1043 847 deveniamus
1059 809 1102 843 ad
1116 810 1237 850 aslum,

293 858 337 893 ad
357 870 458 906 quem
478 870 517 893 ex
532 860 725 895 necestitate
747 861 791 895 rei
813 861 1040 908 requireretur
1066 869 1144 891 vera
1165 858 1237 903 plu-

293 907 403 942 ralitas
422 906 637 952 personarum
652 936 661 950 ,
679 909 724 943 esl
741 909 832 943 licita
847 912 880 944 &
897 906 1101 947 tolerabilis,
1129 917 1238 953 quan-

294 955 343 991 do
359 955 391 990 iii
407 955 544 990 fictione
559 957 616 990 seu
634 958 932 1004 repraesentatione
950 969 1017 990 non
1038 955 1143 989 solum
1165 965 1243 988 non*

294 1004 378 1039 inest
402 1005 645 1050 repugnantia,
670 1017 729 1042 aut
751 1005 850 1040 dolus
865 1032 875 1047 ,
904 1004 958 1039 vel
973 1002 1085 1045 fraus,
1114 1002 1170 1036 sed
1186 1003 1235 1038 in-

296 1053 342 1086 est
361 1053 475 1101 aliqua
499 1052 626 1088 utilitas
640 1079 649 1094 ,
673 1065 710 1090 ut
728 1054 810 1088 inell
832 1054 865 1088 in
881 1053 958 1088 casu
983 1051 1099 1086 nostro
1115 1077 1125 1092 ,
1156 1050 1237 1097 quia

294 1101 403 1146 major
433 1099 576 1146 impensa
608 1103 642 1136 ὅς
677 1102 850 1137 molestior
868 1099 1144 1147 >incommoditas
1174 1110 1235 1132 oc-

293 1159 465 1184 currerent
481 1175 490 1190 ,
526 1148 550 1183 fi
579 1151 692 1197 plures
724 1150 856 1185 realiter
883 1148 1125 1185 adhiberentur
1159 1157 1236 1194 per-

294 1196 399 1232 sonae.
618 1214 621 1221 v

294 1295 446 1337 lerabifis,
461 1295 516 1330 sed
529 1297 575 1330 est
591 1297 777 1338 laudribzlis,
795 1299 827 1331 &
846 1296 952 1330 amica
966 1291 1183 1340 prudentiae,
1201 1294 1234 1328 ὅ(

297 1343 440 1390 legibus,
457 1345 537 1392 quia
550 1343 668 1379 frustra
685 1346 723 1379 lit
740 1347 900 1391 perplura
914 1371 923 1384 ,
948 1341 1046 1391 quod
1064 1352 1167 1387 aeque
1181 1342 1235 1374 be-

295 1404 337 1427 ne
351 1393 462 1438 potest
483 1392 553 1427 fieri
573 1405 631 1438 per
650 1403 831 1439 pauciora,
856 1395 889 1428 δε
911 1393 963 1427 lex
987 1401 1116 1425 naturae
1133 1388 1233 1424 setta-

295 1441 359 1475 trix
378 1441 460 1474 nihil
480 1441 597 1476 frustra
614 1453 787 1488 operatur.

344 1489 459 1532 Quod
482 1501 593 1525 autern
622 1502 687 1524 una
711 1489 848 1535 persona
870 1488 967 1536 poslit
995 1487 1233 1534 repraesentare

293 1537 425 1583 plures,
452 1549 544 1584 patet
563 1538 805 1585 multipliciter.
842 1538 953 1572 Primo
973 1537 1004 1570 in
1023 1536 1157 1583 legato,
1177 1533 1233 1568 seu

291 1584 565 1627 Ambasciatore,
598 1587 658 1635 qui
683 1587 793 1634 potest
815 1586 848 1620 in
869 1583 1144 1633 legationefungi
1160 1594 1234 1616 rnu-

292 1645 371 1668 nere
393 1632 546 1679 persoiia:
568 1637 716 1682 propriae
745 1636 910 1681 privatae,
940 1635 973 1668 &
995 1644 1133 1667 munere
1157 1642 1234 1678 per-

293 1679 385 1716 sonae
404 1683 570 1728 publicae,
595 1683 756 1718 Videlicet
776 1710 785 1723 ,
808 1682 933 1729 legati,
965 1683 998 1717 &
1018 1681 1098 1715 ideo
1117 1691 1232 1714 mune-

295 1742 351 1771 ra,
374 1730 453 1765 data
475 1731 616 1778 legatis,
644 1732 867 1780 acquiruntur
895 1730 970 1777 ipfis
985 1757 993 1771 ‚
1019 1729 1053 1764 &
1081 1741 1148 1764 non
1172 1729 1203 1762 ei
1222 1753 1232 1768 ,

293 1779 354 1826 qui
377 1791 438 1814 eos
457 1780 598 1822 miserit,
625 1781 708 1828 quia
729 1781 782 1815 illa
795 1779 963 1825 recipiunt
983 1790 1052 1813 non
1074 1787 1232 1824 tanquam

293 1827 421 1873 legati,
447 1838 488 1862 ex
510 1840 583 1876 quo
600 1829 642 1863 ad
660 1829 692 1863 id
713 1841 778 1864 nou
805 1828 837 1862 se
860 1826 1012 1862 extendit
1038 1826 1231 1860 mandatum

293 1876 491 1922 legationis,
518 1878 579 1912 nisi
608 1878 752 1924 qualitas
774 1877 919 1911 muneris
942 1877 976 1910 ὃς
1000 1874 1144 1909 intentio
1170 1873 1233 1908 do-

256 1944 257 1947 =
278 1925 402 1961 *nantis
428 1925 521 1959 aliud
541 1924 722 1966 suadeant,
751 1924 831 1972 quia
854 1936 937 1959 tunc
957 1935 995 1958 ea
1008 1921 1229 1968 recepissent‚

292 1982 452 2020 tanquam
471 1973 573 2020 legati
590 2001 600 2014 ,
623 1974 665 2009 ad
687 1975 808 2010 tradita
826 1985 884 2019 per
909 1971 1014 2007 Dost.
1036 1982 1127 2019 quos
1146 1970 1233 2006 citat

296 2022 399 2057 Ever.
419 2024 452 2055 in
475 2023 534 2056 loc.
550 2036 675 2073 argum.
693 2024 713 2057 ὰ
733 2024 822 2063 loco,
850 2022 891 2056 de
907 2031 1064 2068 tanquam
1080 2045 1090 2059 ,
1108 2020 1232 2053 num.6.

238 2060 320 2115 36†
338 2069 503 2105 Secundo
524 2069 617 2117 patet
630 2071 661 2105 in
685 2070 808 2117 Rege,
832 2070 851 2104 ir
873 2081 947 2117 quo
968 2069 990 2102 si
1010 2067 1143 2115 judicat
1161 2077 1234 2101 tan-

293 2130 394 2163 quam
425 2119 552 2154 Comes
577 2146 588 2160 ,
624 2119 812 2166 appellatur
839 2119 882 2153 ad
911 2116 1116 2164 superiorem
1144 2115 1233 2149 illius

293 2166 513 2208 Comitatus,
541 2168 623 2215 quia
645 2180 713 2203 non
738 2166 929 2213 judicavit,
959 2175 1118 2213 tanquam
1136 2163 1232 2204 Rex,

295 2214 435 2250 testibus
458 2215 508 2250 his
527 2242 537 2256 ,
565 2228 655 2264 quos
676 2217 808 2251 secutus
830 2215 898 2249 sum
927 2217 960 2247 in
982 2225 1051 2247 meo
1072 2214 1169 2248 iraft.
1192 2211 1234 2245 de

294 2264 436 2312 appella.
453 2278 483 2310 q.
505 2266 559 2300 16.
581 2266 679 2300 limit.
697 2275 726 2309 ς.
754 2276 840 2298 num.
867 2276 900 2306 9.
930 2262 975 2296 Et
992 2262 1033 2295 ab
1054 2261 1232 2307 Episcopo

293 2311 326 2345 in
345 2309 538 2347 feudalibus
554 2313 713 2359 appellari
735 2312 777 2346 ad
800 2312 975 2346 dominum
999 2308 1178 2344 secularem
1200 2309 1235 2343 &

295 2371 366 2394 non
386 2360 428 2395 ad
449 2361 759 2408 Archiepiscopuin
774 2388 783 2399 ,
802 2359 912 2407 scripsi
928 2359 1000 2395 eod.
1016 2358 1111 2392 trafl.
1122 2357 1164 2392 de
1178 2368 1235 2404 ap-

240 2408 413 2456 37pellat.
435 2422 464 2456 q.
481 2410 512 2444 8.
528 2422 612 2443 num.
626 2423 682 2452 92.
708 2411 734 2455 †
756 2409 880 2444 Tertio
904 2416 998 2453 patet
1018 2407 1051 2440 in
1076 2404 1234 2440 vendito-

298 2456 341 2491 ris
361 2456 519 2498 liaerede,
553 2458 614 2504 qui
639 2457 751 2504 potest
774 2456 942 2492 retrahere
959 2482 968 2496 ,
998 2454 1106 2489 stante
1130 2453 1235 2488 statu-

293 2516 333 2540 to
350 2531 360 2545 ,
399 2506 601 2541 admittente
634 2507 807 2552 proximus
835 2503 1023 2538 venditoris
1048 2502 1089 2536 ad
1112 2512 1236 2537 terrac·-

294 2564 391 2594 tum,
422 2555 503 2600 quia
526 2555 605 2590 licet
631 2554 739 2588 haeres
766 2566 832 2588 non
858 2551 955 2599 polsit
981 2552 1097 2585 venire
1116 2560 1238 2585 contra

295 2600 591 2637 factum-definisti
611 2629 622 2645 ,
652 2613 761 2637 tamen
790 2601 903 2648 potest
928 2599 1097 2634 retrahere
1119 2625 1128 2637 ,
1156 2597 1238 2646 quia

293 2650 459 2691 retrahit,
490 2663 559 2685 non
587 2651 637 2685 uti
662 2651 771 2685 haeres
787 2677 796 2690 ,
829 2648 886 2683 sed
911 2648 961 2683 uti
985 2647 1170 2695 proximior
1195 2646 1239 2680 de

293 2709 441 2745 genere,
470 2699 652 2733 secundum
673 2711 744 2733 eam
767 2698 962 2744 opinionem
989 2696 1042 2742 (si
1068 2696 1114 2729 est
1130 2697 1236 2739 vera)

293 2758 396 2793 quarn
418 2745 519 2782 refert
542 2748 646 2781 Ever.
667 2747 811 2794 ubisnp.
835 2758 924 2780 num.
941 2757 996 2788 29.
1017 2745 1104 2791 vers:
1125 2756 1177 2789 33.
1203 2744 1237 2778 &

295 2794 370 2829 sunt
389 2795 507 2830 infiniti
532 2794 649 2836 casus,
678 2796 709 2828 in
727 2796 853 2841 quibus
877 2805 944 2827 una
969 2791 1108 2838 persona
1125 2791 1238 2839 potest

295 2842 391 2888 fungi
417 2843 547 2888 duplici
576 2856 712 2878 munere
736 2843 970 2889 personarum,
1000 2852 1147 2888 quorum
1178 2851 1234 2873 ca-

297 2891 392 2926 suum
419 2893 545 2927 multos
565 2890 728 2936 congeffit
750 2892 853 2924 river.
873 2893 906 2923 in
923 2890 958 2922 d.
977 2889 1045 2923 loco
1062 2915 1072 2928 ,
1094 2888 1136 2922 de
1162 2899 1237 2922 tan-

298 2952 415 2986 quam,
448 2941 482 2974 &
511 2936 647 2974 demum*
674 2952 741 2974 non
768 2937 835 2973 effe
861 2936 1041 2972 absurdum
1068 2936 1100 2970 in
1134 2937 1236 2982 jure,

297 2986 395 3033 quod
422 2999 508 3023 unus
531 2990 747 3034 repraesentet
773 2987 884 3033 plures
899 3013 910 3029 ,
941 2984 1051 3032 scripfi
1070 2985 1238 3032 suprafieb

297 3048 383 3069 vium.
403 3047 459 3080 25.
805 3040 809 3045 ⁴
874 3058 877 3061 >

349 3082 415 3117 His
443 3084 604 3130 suppofit.
631 3084 763 3120 accedo
787 3083 828 3118 ad
857 3090 1078 3129 argumenta,
1112 3079 1237 3126 quilius

298 3132 453 3166 innititur
475 3133 553 3167 baec
577 3133 741 3167 contraria
762 3130 901 3179 opinio,
927 3130 1026 3179 quod
1051 3128 1121 3163 hoc
1147 3139 1238 3163 cam-

297 3183 389 3215 bium
407 3180 442 3214 iit
461 3181 604 3214 licitum.

349 3228 486 3269 Primo,
515 3229 594 3274 quia
618 3229 726 3262 omnis
749 3226 941 3262 contradus
965 3223 1170 3272 emptionis,
1204 3225 1238 3259 &

302 3276 508 3311 venditionis
526 3276 677 3310 indubio
698 3275 915 3322 praesumitur
935 3274 1048 3308 licitus
1068 3274 1120 3309 J0.
1137 3274 1236 3320 Bapt.

299 3327 380 3372 Lup.
393 3329 425 3358 in
441 3326 463 3358 I.
483 3338 511 3357 2.
529 3327 560 3370 ξ).
586 3337 612 3358 t.
627 3337 657 3358 n.
677 3338 705 3357 i.
724 3327 755 3358 C.
769 3324 810 3356 dc
823 3323 907 3370 past.
926 3325 984 3355 int.
1001 3332 1097 3368 empt.
1114 3321 1237 3357 &ven-

299 3374 363 3406 dir.
386 3376 469 3406 inter
486 3373 581 3406 trafi.
601 3373 726 3415 divers.
744 3383 818 3405 rom.
838 3384 870 3417 7.
887 3369 954 3417 fol.
977 3381 1051 3415 ¹27·
1071 3368 1128 3402 sed
1148 3380 1243 3403 cam-·

294 3416 391 3454 ‘bium
415 3420 458 3454 eli
482 3421 672 3456 coiitrarflus
692 3418 888 3466 emptionis,
915 3428 953 3452 ut
969 3417 1038 3452 dixi
1049 3419 1156 3465 fiipra
1177 3417 1237 3463 sub

300 3481 352 3503 na
363 3481 393 3500 2.
406 3472 437 3500 in
461 3469 659 3516 bsuppqfiw·
676 3480 774 3514 ergo,

245 3533 285 3565 39
324 3529 329 3533 ·
349 3515 535 3556 Secundo,
560 3516 639 3562 quia
659 3516 680 3550 fi
697 3514 874 3552 venditor,
890 3521 1036 3559 accepto
1055 3512 1148 3558 justo
1165 3523 1237 3558 pre-

302 3565 350 3600 tio
371 3591 380 3604 ,
413 3575 479 3597 rein
505 3564 673 3598 venditam
695 3575 763 3597 non
788 3561 964 3608 confignet
995 3560 1139 3607 emptori
1161 3559 1237 3606 post

300 3612 426 3645 finitam
461 3610 681 3652 dil-itionem,
713 3610 772 3644 fibi
802 3611 912 3645 datam
934 3608 978 3643 ad
1006 3620 1077 3643 earn
1105 3607 1236 3654 conlig-

298 3661 458 3700 nandam.,
479 3659 630 3707 ideoque
646 3661 682 3695 iit
698 3659 728 3692 ii·
750 3669 867 3700 mora,
892 3656 1069 3692 retinendo
1089 3667 1174 3699 rem,
1204 3657 1236 3690 ὃς

243 3223 283 3269 38

341 1244 419 1281 litio
437 1246 635 1294 hujusmodi
653 1246 905 1294 repraesentatio
921 1258 989 1280 non
1004 1244 1108 1279 solum
1124 1243 1169 1278 est
1182 1254 1250 1279 to—·

1247 163 1288 202 ae
1307 142 1594 214 Tradi..de
1621 149 1915 211 Commer.

285 241 354 263 tion
371 230 582 266 admittenda
599 232 736 268 stitione
753 233 850 278 snper
865 245 899 268 re
914 231 1101 280 impossibili
1115 258 1125 272 ,
1147 231 1180 263 ὃ(
1194 231 1248 265 de-

285 290 352 312 non
374 279 558 315 tolerandis
577 282 729 328 pluribus
754 283 958 321 stelionibus,
981 282 1014 315 in
1032 280 1142 314 relatis
1156 291 1248 312 cone

1296 232 1441 279 pretium
1456 259 1465 271 ,
1482 245 1614 269 tenetur
1628 234 1772 280 emptori
1785 235 1828 270 ad
1841 233 1996 270 interesse
2008 233 2115 282 {quia
2127 235 2235 270 inter-
2286 259 2290 262 -

1296 279 1384 321 else,
1415 281 1597 328 loquendo
1611 282 1643 316 in
1660 293 1803 328 genere,
1834 283 1905 318 live
1927 283 2080 318 causetur
2098 295 2139 319 ex
2163 296 2235 319 uno

1297 329 1564 370 coiitrastu,sive
1578 342 1617 364 ex
1635 334 1712 369 alio,
1728 331 1868 378 semper,
1886 333 1917 365 ὁ(
1936 332 2026 366 omni
2040 333 2117 377 jure
2133 331 2237 367 debe*

1296 386 1363 417 tur,
1383 387 1420 412 ut
1440 375 1576 413 secutus
1589 375 1744 426 sumfi1p2
1756 381 1824 424 §.n
1839 390 2038 427 q.7.part.z.
2050 381 2188 427 ampl.8.
2202 393 2235 415 n.

1294 426 1352 467 96.
1370 424 1426 459 sed
1445 426 1506 472 qui·
1527 427 1653 473 accipit
1667 428 1812 468 cambio,
1826 427 1941 462 vendit
1958 429 2072 463 leutos
2084 429 2237 463 marcha-

1295 483 1379 513 rum,
1398 485 1437 508 ut
1455 474 1523 508 dixi
1535 475 1776 522 suprasubn.2
1789 487 1815 509 i.
1832 479 1863 509 in
1884 477 2096 524 2.fi1ppo]iro,
2111 488 2195 524 ergo
2211 477 2235 510 fi

1296 531 1356 555 eos
1378 533 1446 556 non
1473 522 1668 569 contignat,
1703 533 1839 558 tenetur
1868 525 1909 558 ad
1930 523 2107 567 interesse,
2133 523 2234 573 quod

1294 567 1530 616 liquidabitur,
1545 571 1577 604 <Sc
1587 571 1749 613 solvetur,
1761 573 1997 608 contrahendo
2007 585 2134 608 novum
2147 585 2233 608 carn·

1295 618 1400 658 bium,
1418 628 1458 652 ut
1474 629 1568 664 patet
1584 631 1623 654 ex
1637 619 1791 667 sequenti
1810 632 2026 667 argumento.
2062 654 2064 656 .

1344 665 1468 701 Tertio
1485 668 1565 713 quia
1581 668 1787 714 campsorius
1801 667 1831 702 in
1847 670 1983 704 cambio
2006 668 2150 707 recursae
2162 683 2229 705 non
2244 673 2291 704 40

1295 715 1421 760 patitur
1433 715 1540 761 majus
1556 715 1811 751 incommodum
1824 740 1834 758 ς
1848 717 1904 752 seu
1916 718 2051 764 gravius
2064 716 2232 760 interesse,

1295 775 1396 810 quam
1421 770 1595 810 pateretur
1610 764 1642 800 in
1669 765 1807 800 cambiis
1833 765 1901 799 sine
1919 766 2068 807 recursa,
2092 778 2175 814 quae
2194 778 2236 801 eit

1295 813 1466 846 communi
1481 812 1644 849 sententia
1656 811 1732 849 sunt
1747 814 1874 849 cambia
1892 826 1982 855 vera,
1995 814 2110 857 libera,
2123 815 2235 858 realia,

1293 862 1326 896 &
1342 860 1446 902 licita,
1465 862 1619 909 quinimo
1631 863 1663 896 in
1677 862 1812 897 cambio
1831 862 1974 898 recursae
1987 863 2113 910 patitur
2125 862 2236 899 forsan

1294 909 1400 943 minus
1418 909 1687 951 incommodum,
1709 911 1742 946 ὃ(
1757 909 1910 957 campsor
1925 923 1992 946 non
2010 910 2110 946 sentit
2124 914 2234 958 majus

1292 957 1437 998 lucrum,
1460 957 1568 1005 idque
1586 959 1747 995 ostendo:
1775 970 1848 993 riam
1864 959 1885 993 si
1903 971 1937 993 tu
1955 958 2128 1006 acciperes
2142 971 2233 995 cam-

1293 1005 1352 1040 bio
1366 1005 1490 1049 libero,
1508 1008 1542 1042 ἀ
1561 1007 1639 1041 reali
1654 1007 1672 1042 ὲ
1698 1006 1882 1042 rue-sentos
1904 1021 1978 1042 100.
1999 1019 2060 1054 pro
2076 1007 2232 1053 prox-imo

1292 1052 1411 1089 futuro
1425 1053 1502 1090 foro
1515 1054 1716 1096 Placentiae,
1739 1056 1771 1090 (Sc
1785 1056 1862 1091 loro
1879 1058 2092 1096 adveniente,
2112 1066 2150 1091 tu
2165 1069 2234 1092 non

1293 1103 1418 1136 liabens
1439 1103 1532 1138 unde
1546 1103 1625 1137 milii
1645 1104 1789 1139 solveres
1809 1104 1915 1140 didos
1933 1104 2053 1138 sentos.
2074 1116 2152 1139 too.
2173 1116 2233 1140 ac-

1292 1150 1406 1196 cipere
1421 1151 1551 1187 cambio
1569 1152 1647 1187 reali
1665 1153 1748 1187 alios
1767 1151 1880 1187 sentos
1904 1165 1976 1186 100.
1994 1152 2014 1186 ὲ
2032 1151 2142 1192 Titio,
2154 1153 2232 1200 qui-

1253 1236 1255 1239 ,
1291 1199 1355 1233 bus
1369 1198 1513 1242 solveres
1533 1199 1686 1235 debitum
1709 1201 1827 1235 cambii
1843 1228 1852 1242 ,
1881 1200 1979 1247 quod
1999 1201 2135 1239 haberes
2161 1213 2230 1236 mea

1292 1258 1367 1283 cum
1385 1247 1558 1283 scutorum
1581 1262 1659 1286 too.
1685 1261 1801 1283 ornnes
1821 1249 2006 1283 admittunt
2020 1275 2028 1288 ,
2050 1249 2148 1296 quod
2173 1248 2232 1283 ista

1291 1295 1364 1330 duo
1387 1298 1514 1331 cambia
1527 1323 1536 1337 ,
1554 1296 1638 1331 fasta
1649 1309 1712 1343 pro
1729 1297 1841 1343 pretio
1862 1297 2022 1338 honesto,
2041 1298 2109 1331 sine
2129 1297 2233 1343 pastis

1291 1343 1429 1385 illicitis,
1442 1346 1566 1380 &cum
1581 1345 1688 1380 solitis
1701 1345 1832 1386 litteris,
1851 1345 1947 1386 veris,
1963 1346 1995 1379 &
2013 1346 2167 1386 realibus,
2187 1346 2231 1380 ad

1290 1389 1429 1427 formam
1444 1393 1494 1428 Pii
1511 1395 1557 1430 V.
1575 1393 1846 1433 constitutionis,
1864 1393 1968 1428 essent
1988 1395 2090 1427 libera
2104 1420 2114 1435 ,
2132 1394 2232 1428 realia

1291 1442 1324 1475 ὃς
1343 1441 1444 1481 licita,
1463 1454 1567 1487 prout
1584 1441 1733 1488 admittit
1750 1442 1848 1477 etiarn
1872 1442 2017 1475 Ronroal.
2039 1441 2109 1476 Coli
2129 1442 2251 1476 trust.-

1291 1489 1333 1522 de
1344 1489 1503 1524 camb.c.2
1514 1503 1541 1523 z.
1552 1492 1639 1538 vers.
1651 1491 1685 1524 la
1693 1493 1798 1538 prima
1811 1490 2011 1538 conclusione,
2025 1490 2060 1526 ὠ*
2074 1503 2159 1525 c·21.
2171 1493 2233 1524 ini-

1289 1540 1347 1572 rio.
1363 1537 1523 1572 Similiter
1536 1539 1634 1573 etiam
1647 1538 1668 1572 fi
1681 1551 1728 1577 tu,
1739 1540 1818 1572 dum
1830 1537 1988 1584 accepisti
2003 1539 2136 1573 cambio
2147 1539 2165 1573 ἐι
2178 1550 2231 1573 me

1289 1584 1398 1620 distos
1414 1584 1529 1621 scutos
1547 1599 1620 1622 100.
1633 1585 1763 1621 fecisses
1781 1598 1910 1621 mecum
1920 1583 2062 1633 paetum,
2075 1598 2114 1621 ut
2127 1597 2160 1621 te
2169 1597 2230 1621 eos
2248 1616 2252 1617 γ

1289 1643 1359 1668 non
1376 1633 1528 1669 solvente
1540 1635 1573 1669 in
1589 1636 1742 1680 proximo
1758 1634 1878 1669 finuro
1895 1633 1989 1675 foro,
2020 1646 2086 1680 ego
2102 1634 2230 1680 possem

1290 1694 1351 1727 pro
1368 1690 1403 1715 te
1418 1684 1554 1717 nomine
1567 1694 1630 1718 tuo
1642 1709 1651 1724 ,
1679 1683 1713 1717 ὅ(
1728 1681 1794 1717 tuis
1809 1682 1958 1730 expensis
1972 1683 2127 1728 accipere
2139 1695 2229 1721 cain-

1288 1731 1347 1765 bio
1361 1732 1404 1764 ab
1421 1731 1488 1765 alio
1510 1731 1586 1766 illos
1601 1731 1714 1766 scutos
1731 1744 1808 1766 100.
1829 1741 1936 1779 teque
1959 1743 2025 1764 non
2048 1730 2202 1766 solvente
2216 1757 2228 1772 ,

1290 1790 1358 1826 ego
1370 1790 1429 1813 eos
1439 1790 1518 1813 vere
1527 1778 1725 1825 accepissem
1736 1779 1867 1814 cambio
1875 1780 1894 1813 ἐι
1902 1778 2012 1818 Titio,
2020 1779 2141 1826 utique
2149 1779 2230 1816 esset

1291 1827 1456 1862 cambium
1470 1828 1556 1862 reale
1569 1854 1579 1868 ,
1601 1829 1635 1862 ὅ(
1652 1827 1796 1867 licitum,
1815 1829 1848 1862 &
1865 1838 1901 1862 tu
1922 1828 2043 1861 teneris
2057 1828 2099 1862 ad
2115 1827 2200 1863 illud
2215 1854 2227 1869 ,

1291 1875 1371 1922 quia
1387 1887 1454 1922 ego
1471 1875 1617 1910 seciisern
1629 1875 1676 1917 id,
1689 1875 1787 1923 quod
1799 1886 1838 1910 tu
1855 1875 1898 1910 de
1910 1875 1986 1921 jure
2001 1873 2112 1911 facere
2122 1887 2231 1924 coge-

1291 1923 1379 1958 baris
1395 1950 1405 1965 ,
1430 1925 1464 1958 &
1484 1924 1554 1958 hoc
1575 1936 1636 1970 pro
1651 1925 1760 1971 primo
1775 1924 1929 1963 cambio,
1957 1924 1989 1958 ὃς
2004 1935 2231 1960 concurrente

1291 1973 1380 2007 bona
1395 1971 1464 2007 fide
1478 2000 1488 2015 ,
1507 1972 1657 2007 admittit
1669 1972 1768 2007 etiam
1784 1973 1929 2006 Romoal.
1945 1972 2012 2005 Coli
2025 1971 2059 2007 d.
2071 1974 2169 2007 ιναξὶ.
2185 1972 2229 2008 de

1291 2020 1396 2055 camb.
1413 2031 1544 2068 cap-¹4·
1561 2020 1672 2065 verfic.
1685 2022 1720 2055 la
1735 2031 1867 2068 quarta,
1880 2021 1939 2058 ibi,
1956 2019 2018 2054 ben
2031 2033 2109 2055 vero
2122 2022 2150 2056 ε’.

1295 2109 1310 2118 ‚
1341 2067 1411 2102 Sed
1435 2068 1469 2101 in
1486 2068 1620 2104 cambio
1642 2079 1720 2103 curn
1741 2068 1874 2102 recursa
1888 2067 1969 2102 nihil
1987 2063 2149 2114 amplius,
2172 2068 2279 2119 vel41

1293 2116 1402 2151 minus
1423 2117 1620 2152 continetur
1633 2143 1643 2157 ,
1675 2128 1775 2164 quam
1795 2116 1827 2150 in
1849 2115 2119 2163 praecedentibus
2136 2117 2228 2155 duo-

1292 2166 1356 2199 bus
1367 2165 1505 2200 cambiis
1517 2191 1526 2207 ,
1552 2164 1635 2198 nihil
1652 2164 1786 2209 majoris
1803 2164 1886 2199 lucri
1906 2163 2059 2210 respestu
2077 2164 2231 2213 camplo-

1293 2213 1336 2248 ris
1353 2213 1462 2248 dantis
1481 2213 1613 2249 cambio
1628 2239 1638 2254 ,
1667 2212 1795 2246 nihilve
1817 2213 1952 2258 majoris
1968 2213 2118 2249 interesse
2130 2240 2140 2256 ,
2165 2213 2230 2249 res-

1293 2261 1394 2308 peslu
1414 2261 1586 2308 campsarii
1617 2261 1836 2308 accipientis,
1861 2261 1966 2294 solum
1986 2261 2131 2297 variatur
2155 2274 2231 2308 per-

1293 2309 1372 2345 sona
1400 2309 1601 2356 campsoris,
1635 2311 1715 2356 quia
1733 2308 1766 2342 in
1789 2309 1918 2356 primo,
1948 2308 2046 2356 quod
2067 2322 2172 2346 vocas
2192 2311 2232 2345 li-

1293 2360 1409 2394 berum
1425 2384 1434 2399 ,
1461 2360 1495 2394 &
1509 2358 1612 2398 reale,
1633 2358 1749 2392 scutos
1764 2357 1971 2391 marcharum
1986 2358 2151 2394 venderes
2165 2358 2232 2394 Ti,-

1295 2406 1357 2447 tio,
1375 2407 1408 2440 in
1423 2405 1487 2441 isto
1500 2406 1660 2446 secunde,
1677 2405 1774 2453 quod
1786 2416 1888 2440 vocas
1902 2416 1980 2439 curri
1994 2405 2136 2449 recursa,
2149 2418 2231 2442 ven·

1294 2454 1391 2489 deres
1403 2454 1496 2495 milii,
1508 2454 1564 2489 sed
1580 2453 1726 2496 vendere
1736 2453 1794 2488 uni
1811 2453 1864 2487 vel
1879 2452 1932 2487 alii
1945 2464 2007 2499 pro
2021 2454 2143 2490 eodem
2154 2466 2230 2501 pre-

1294 2502 1365 2544 tio,
1398 2502 1561 2538 &iisdem
1579 2503 1682 2549 pactis
1707 2502 1753 2536 est
1776 2501 1935 2536 accidens
1958 2502 2236 2546 remotiffimum,

1294 2550 1392 2599 quod
1410 2551 1491 2585 nihil
1506 2563 1689 2586 commune
1707 2549 1806 2585 habet
1826 2561 1904 2585 curn
1917 2548 2057 2595 justitia,
2070 2551 2128 2586 vel>
2140 2552 2235 2600 inju-

1295 2599 1382 2636 stitia
1398 2599 1592 2635 contradus
1604 2611 1611 2634 :
1625 2599 1710 2647 quid
1727 2599 1811 2632 enim
1827 2597 1962 2632 interest
1974 2598 2069 2645 legis,
2082 2599 2238 2644 rationis„

1296 2648 1464 2683 bonorum
1486 2658 1638 2682 morum:
1671 2647 1772 2694 Reip.
1799 2647 1832 2681 δε
1857 2645 1998 2693 Justitiae
2014 2648 2238 2689 contrastusy

1296 2695 1393 2744 quod
1418 2706 1456 2730 tu
1472 2695 1618 2741 accipias
1634 2696 1765 2729 cambio
1789 2695 1807 2728 ii
1819 2694 1940 2735 Titio,
1961 2693 2016 2728 vel
2029 2695 2051 2730 ἐι
2067 2707 2139 2731 me:
2169 2696 2237 2744 qui

1296 2744 1352 2778 nisi
1365 2743 1440 2778 dem
1457 2745 1590 2778 cambio
1610 2743 1682 2784 tibi,
1699 2743 1787 2778 dabo
1803 2742 1872 2778 alii?
1885 2741 2014 2790 quidve
2027 2743 2162 2779 interest
2179 2747 2234 2791 ju-

1296 2792 1394 2828 stitiae
1410 2792 1614 2832 contraftus,
1631 2791 1727 2839 quod
1741 2802 1780 2825 tu
1794 2791 1930 2825 mandes
1945 2802 2004 2837 per
2015 2801 2090 2826 tuas
2105 2792 2236 2827 littera·

1295 2839 1408 2880 Titio,
1418 2839 1573 2876 utsolvat
1584 2840 1879 2874 decoritantituum
1895 2839 2236 2888 debitum,velqu0d

1296 2887 1432 2922 mandes
1443 2888 1523 2922 mihi
1534 2914 1543 2928 ,
1560 2899 1598 2923 ut
1612 2886 1735 2923 solvam
1748 2899 1824 2921 curn
1839 2899 1942 2934 aeque
1955 2886 2013 2922 fias
2028 2886 2164 2925 debitor
2179 2889 2241 2923 vel

1295 2936 1413 2978 Titio,
1428 2936 1484 2970 vel
1499 2935 1578 2970 mihi
1595 2935 1628 2970 in
1646 2936 1771 2983 aequali
1789 2935 1932 2976 summa,
1947 2937 1981 2970 &1
1995 2945 2148 2984 utroque
2159 2949 2235 2971 rno-

1295 2983 1343 3019 do
1360 2994 1526 3019 remaneat
1541 2983 1632 3026 dati,
1653 2986 1686 3019 &
1708 2983 1843 3030 accepti
1867 2983 2064 3031 aequalitas,
2084 2995 2168 3032 quae
2185 2985 2236 3020 est

1295 3032 1338 3067 de
1353 3032 1489 3079 justitia,
1506 3034 1539 3066 ὅς
1553 3043 1669 3068 natura
1685 3032 1878 3067 contrastus
1894 3030 2087 3078 emptionis,
2101 3034 2136 3067 &
2150 3044 2232 3068 ven-

1295 3080 1451 3120 ditionis,
1473 3080 1581 3114 Medi.
1601 3083 1633 3114 in
1641 3082 1714 3128 suis
1727 3079 1909 3114 trahi-tom.
1928 3093 1960 3116 ι..
1973 3083 2025 3114 tit·
2044 3080 2087 3114 de
2101 3080 2169 3116 reb.
2181 3092 2238 3115 re-

1295 3129 1358 3168 [lit.
1373 3141 1402 3175 q.
1418 3142 1472 3162 22.
1489 3130 1575 3175 vers.
1586 3129 1602 3162 ε’
1616 3128 1840 3175 εοητναὲἶ.]οὶ.
1851 3139 1926 3176 ¹77·
1943 3139 2073 3174 quaeve
2085 3128 2120 3163 in
2136 3139 2231 3175 emp-

1295 3177 1410 3217 tione,
1432 3177 1467 3210 &
1490 3176 1725 3223 negotiatione
1748 3176 1794 3209 est
1809 3173 1923 3218 sedes,
1950 3176 2008 3210 seu
2026 3175 2237 3212 fundamen-

1297 3236 1368 3259 tum
1393 3224 1534 3271 juflitiae
1560 3223 1819 3260 cominutativae
1843 3223 2014 3259 servandae
2039 3224 2169 3259 Medin.
2193 3223 2234 3258 d,

1294 3275 1349 3308 tir.
1362 3273 1404 3306 de
1417 3273 1484 3308 reb.
1499 3274 1598 3319 restit.
1613 3285 1664 3320 q.3
1675 3286 1703 3306 i.
1716 3275 1819 3312 initio,
1826 3272 1916 3318 f⁰l—²
1924 3284 1978 3317 30.
1989 3273 2022 3307 ὅ(
2037 3271 2231 3307 servandam

1296 3320 1361 3355 effe
1377 3322 1462 3355 lianc
1478 3322 1706 3367 aequalitatem
1721 3346 1731 3361 ,
1750 3329 1789 3354 ut
1807 3320 1999 3355 contradus
2014 3319 2232 3367 pecuniarius

1294 3370 1332 3402 sit
1347 3370 1457 3415 justus
1469 3394 1477 3409 ,
1495 3368 1562 3402 five
1575 3370 1620 3415 fir
1630 3367 1835 3414 permutatio
1848 3393 1859 3408 ,
1875 3367 1943 3401 sive
1956 3369 2123 3405 cambium
2136 3393 2146 3408 ,
2162 3367 2237 3401 five?

1296 3428 1469 3457 mutuum,
1493 3427 1640 3463 excepto
1659 3415 1718 3449 nifi
1733 3415 1846 3463 aliqua
1863 3415 1950 3462 justa
1965 3415 2062 3456 causa
2083 3427 2166 3462 quae.
2180 3415 2230 3450 iu-

1296 3465 1525 3512 aequalitatem
1539 3463 1684 3504 exc‘uset,
1693 3462 1904 3504 interveniat,
1915 3465 1949 3498 &
1961 3475 2019 3510 per
2030 3463 2099 3500 hoc
2112 3462 2231 3497 facilli-

1295 3525 1385 3546 mum
1400 3512 1438 3546 sit
1454 3512 1498 3546 de
1510 3513 1666 3547 omnibus
1679 3510 1816 3548 cambiis
1830 3510 1989 3556 judicare
2000 3536 2013 3552 ‚
2026 3522 2065 3546 an
2081 3511 2147 3547 fint-
2157 3511 2230 3546 lici-

1296 3572 1342 3603 ta,
1360 3572 1401 3594 an
1417 3558 1626 3600 usuraria‚an
1641 3558 1764 3607 injusta
1779 3557 1891 3593 scribit
1909 3558 1996 3593 idem
2011 3559 2141 3594 Medin.
2156 3558 2236 3593 eod.-

1295 3619 1408 3642 tom.2.
1421 3611 1474 3642 tir.
1487 3607 1529 3642 de
1542 3607 1608 3656 reb7
1617 3609 1770 3654 perigsur.
1779 3605 1904 3653 aequis.
1917 3619 1983 3653 qq.
1993 3606 2228 3655 <inrfi·f⁰l·³⁶9·

1295 3656 1446 3704 hincque
1464 3655 1603 3704 quando
1619 3655 1652 3690 in
1675 3655 1792 3702 aliquo
1808 3653 1986 3697 „contrastu
2006 3654 2231 3706 permutatio-

2155 3712 2208 3736 ωε
2219 3728 2229 3744 ,
