2400 3939
256 172 367 241 366

254 260 322 284 non
340 251 420 288 esset
437 253 614 289 necessaria
629 255 775 303 aequitas
789 253 876 288 illius
888 254 991 300 legis,
1020 265 1088 301 qua
1101 252 1215 299 provi-

254 295 323 332 sum
338 300 396 341 est,
410 303 478 337 δίο.
493 302 526 336 &
541 314 620 336 cum
635 303 699 338 hac
711 302 877 337 contraria
892 300 1054 337 sententia
1071 312 1215 335 concor-

254 344 314 381 dat
326 360 442 394 aperte
456 351 529 398 Jas.
548 349 670 385 ibidem
689 363 775 385 num.
793 363 824 384 2.
841 361 904 385 not.
920 361 951 391 4.
972 350 1088 384 dicens
1102 374 1111 389 ,
1147 360 1216 382 non

254 392 325 427 esse
352 397 468 431 locum
499 397 675 432 remissioni
701 425 710 440 ,
743 398 893 444 ideoque
926 397 1116 432 debitorem
1143 407 1215 430 non

252 441 349 488 posse
369 444 402 479 in
421 445 504 480 loco
524 446 700 481 destinatae
722 445 901 481 solutionis
924 444 1122 484 conveniri,
1153 443 1211 477 nisi

252 490 298 524 ibi
318 490 419 527 fuerit
444 504 597 540 repertus
611 520 621 536 ,
653 495 686 529 ὃς
710 494 754 530 ita
779 493 852 540 post
874 492 1001 528 Thom.
1021 491 1144 527 Trivis.
1164 489 1214 525 se—

252 548 354 574 cutus
375 540 443 575 sum
466 545 498 576 in
515 554 581 576 meo
603 543 701 576 trafl.
723 543 764 577 cle
783 541 888 584 judic.
903 543 992 587 caus:
1010 540 1068 574 lib.
1087 552 1116 574 1.
1139 550 1210 586 cap.

257 588 400 636 roi-sub
415 602 444 624 n.
464 602 519 634 30.
535 591 622 636 vers.
634 589 824 636 fiseciindo.
842 589 911 623 imo
930 599 1044 635 neque
1058 588 1091 621 in
1106 587 1212 622 caulis

253 636 498 678 criminalibuS,
522 647 651 672 attenta
669 637 916 673 consuetudine
929 664 939 678 ,
969 636 1040 670 fieri
1057 634 1212 669 remiffio-

254 695 349 724 nem,
370 685 482 731 scripsi
497 686 609 719 eodem
626 686 681 720 lib.
696 697 722 720 1.
751 698 821 731 cap.
843 685 968 734 12.sub
993 697 1023 719 n.
1048 696 1104 732 79.
1123 684 1212 729 vers

246 732 313 778 sed
318 734 461 780 frustra,
481 736 515 767 in
518 735 641 780 futura
659 734 863 782 impreffione.

305 781 418 815 Aliter
432 782 473 815 ab
487 780 538 814 his
552 782 704 828 loquitur
720 782 818 816 Paul.
829 782 871 815 de
887 780 987 826 Castr.
1005 783 1037 814 in
1052 780 1128 813 ead.
1140 780 1163 814 l.
1182 792 1210 814 1.

243 826 311 876 sub
323 840 395 874 n.3.
414 829 473 863 ubi
492 828 603 876 scribit
620 831 759 865 modum
775 828 983 877 procedendi
999 855 1009 870 ,
1032 839 1133 875 quem
1152 840 1212 874 po—

254 888 331 911 teris
343 877 468 919 videre,
488 879 522 914 ὅ(
537 877 654 924 postea
667 878 798 919 subdit,
825 878 920 925 quod
937 876 1096 923 intelligit
1118 875 1212 911 istam

252 925 439 966 materiam,
461 925 494 959 in
510 937 579 973 qua
592 925 652 960 diu
671 926 818 966 nutavit,
834 924 1018 959 secundum
1031 924 1124 958 illum
1139 936 1212 958 mo—

253 973 334 1007 dum
351 1000 361 1014 ,
386 985 488 1021 quem
505 972 574 1020 ipse
590 974 639 1008 ibi
653 974 773 1014 tradit,
796 974 874 1008 licet
893 975 926 1007 in
941 973 1028 1008 libro
1043 983 1119 1007 meo
1133 984 1212 1007 cor—

226 1029 227 1034 ’
253 1031 354 1068 rupte
368 1022 523 1069 legatur,
552 1024 705 1070 micsavit.
977 1050 982 1053 -

170 1072 238 1103 209
270 1079 272 1085 ’
303 1069 449 1105 Retenta
465 1070 528 1104 hac
541 1071 709 1108 contraria
724 1069 903 1111 sententia,
919 1070 991 1115 Jaſs
1007 1069 1141 1116 ubisup.
1157 1067 1215 1105 dat

225 1127 230 1135 ¹
256 1118 377 1152 multas
389 1118 621 1153 limitationes.

171 1151 239 1186 ³¹3
305 1165 524 1201 Subexteride
539 1166 704 1208 secundo,
722 1176 762 1202 ut
776 1167 892 1212 potius
907 1165 1103 1201 attendatur
1115 1166 1214 1201 locus

228 1219 230 1222 '
255 1212 430 1249 destinata:
445 1214 622 1249 solutionis
634 1242 643 1256 ,
669 1227 770 1261 quam
788 1216 887 1249 locus
903 1214 1060 1249 celebrati
1075 1226 1211 1249 contra-

143 1294 154 1301 „
196 1299 199 1301 ,
253 1261 348 1305 ἃυε;
379 1263 459 1310 quia
473 1289 482 1303 ,
498 1263 592 1297 simul
608 1263 890 1297 concurrentibus
908 1290 916 1302 ,
941 1263 1132 1298 contradus
1144 1275 1211 1296 non

251 1309 375 1359 utique
390 1322 432 1346 eo
449 1311 530 1345 loco
547 1311 768 1358 intelligitur,
786 1322 859 1352 mio
882 1311 1058 1357 negotium
1079 1311 1210 1356 gellum

251 1357 299 1391 est
311 1385 321 1399 ‚
356 1358 410 1393 sed
429 1371 501 1406 quo
517 1359 679 1393 solvenda
695 1361 739 1394 est
759 1356 922 1406 pecunia,
952 1361 975 1393 l.
992 1359 1069 1404 3.ff.
1084 1359 1125 1393 de
1139 1359 1209 1393 bon.

251 1407 342 1441 auth.
355 1408 429 1450 jud.
445 1407 552 1454 poffid.
569 1408 604 1444 &
631 1408 654 1441 l.
671 1421 726 1444 20.
745 1408 941 1456 contraxiffc.
963 1408 1005 1452 ff.
1033 1407 1074 1440 de
1090 1408 1154 1442 afr.
1174 1406 1208 1444 &

252 1453 349 1503 oblig.
367 1455 453 1490 Abh.
470 1459 504 1490 in
519 1467 590 1502 cap.
607 1456 739 1502 idn-snb
750 1469 835 1489 num.
856 1469 910 1500 30.
932 1456 973 1489 de
983 1457 1055 1501 for.
1075 1466 1208 1500 compet.

253 1502 287 1538 Θ
305 1503 402 1537 Paul.
430 1504 471 1536 de
491 1505 591 1551 Castr.
615 1508 647 1538 in
662 1505 685 1537 l.
709 1519 735 1538 i.
752 1517 836 1537 mim.
851 1516 884 1546 4.
907 1515 979 1538 ver.
1002 1504 1151 1549 qttaeroff.
1169 1504 1210 1537 de

250 1550 386 1598 eoquod
401 1563 465 1586 cer.
486 1552 545 1586 loc.
567 1563 671 1600 quare
695 1552 716 1585 si
733 1552 868 1586 debitor
896 1552 1109 1586 denuntiaret
1135 1563 1209 1585 cre-

251 1597 376 1640 ditori‚
402 1599 435 1632 se
452 1599 636 1635 soluturum
661 1600 692 1633 in
717 1600 796 1634 loco
819 1600 978 1634 celebrati
1003 1600 1208 1640 contractus,

251 1646 402 1682 creditor
432 1659 501 1682 non
524 1659 657 1682 tenetur
680 1648 756 1682 illic
774 1649 922 1695 recipere
939 1674 948 1689 ‚
993 1649 1016 1681 l.
1050 1659 1125 1681 122.
1156 1651 1211 1695 qui

250 1696 363 1729 Romae.
375 1697 417 1741 ff.
434 1696 476 1729 de
489 1696 581 1730 verb.
603 1697 701 1744 olilig.
726 1696 780 1730 sed
798 1698 882 1730 bene
897 1707 1029 1730 tenetur
1044 1697 1212 1730 accedere

248 1742 292 1776 ad
315 1743 429 1778 locum
447 1743 622 1780 destinatae
641 1744 835 1785 solutionis,
870 1756 927 1791 per
947 1756 985 1778 ea
1000 1771 1008 1784 ,
1038 1755 1119 1789 quae
1142 1744 1208 1778 dixi

234 1792 349 1838 ‘snpra
364 1804 396 1828 n.
414 1804 495 1825 201.
517 1794 549 1826 in
575 1794 636 1827 hac
653 1796 752 1827 tertia
771 1793 934 1827 declarat.
961 1794 995 1826 ὅ(
1020 1803 1152 1827 tenetur
1169 1792 1211 1826 ad

249 1839 341 1873 illum
364 1841 544 1881 accedere,
581 1841 680 1875 etiam
702 1841 778 1887 post
804 1841 891 1874 diem
918 1840 1160 1887 praestitutam,
1188 1841 1210 1874 si

248 1887 385 1922 debitor
399 1915 408 1929 ,
441 1888 557 1924 volens
583 1901 727 1936 purgare
750 1900 874 1923 moram
892 1915 902 1930 ,
933 1888 1112 1923 denuntiet
1133 1889 1180 1922 illi
1201 1916 1210 1931 7

248 1935 283 1969 se
298 1936 356 1970 tali
381 1936 437 1970 die
463 1936 493 1970 in
510 1937 591 1972 loco
614 1937 788 1972 destinatae
809 1936 987 1972 solutionis
1011 1936 1214 1977 soluturum,

250 1984 283 2018 ὃς
311 1982 431 2018 offerat
457 1986 556 2019 etiam
584 1986 740 2031 expensas
762 1984 889 2020 itineris
907 2012 915 2025 ,
949 1997 1034 2033 quas
1059 1985 1210 2020 creditor

247 2033 378 2068 necesse
396 2033 495 2068 habet
513 2032 643 2075 facere,
661 2033 837 2068 redeundo
858 2033 900 2067 ad
920 2034 1064 2068 eundem
1079 2034 1211 2075 locum,

249 2081 345 2115 Paul.
369 2080 411 2114 de
427 2082 526 2127 Castr.
543 2085 575 2116 in
593 2083 615 2116 l.
636 2083 686 2117 18.
712 2085 791 2115 item
811 2083 875 2116 illa
890 2109 899 2122 ,
912 2094 996 2115 num.
1015 2093 1044 2126 3.
1067 2082 1102 2118 ὠ
1123 2093 1157 2124 9.
1180 2085 1212 2115 in

241 2127 328 2172 fine,
344 2130 389 2175 ff.
417 2129 458 2163 de
482 2131 602 2175 constit.
625 2142 740 2178 pecun.
767 2130 800 2164 ὃ(
827 2130 890 2166 isto
919 2129 995 2163 casu
1016 2129 1039 2163 fi
1061 2129 1213 2164 creditor

248 2177 416 2212 recusaret
443 2177 552 2212 redire
578 2178 620 2212 ad
645 2180 760 2213 locum
785 2203 794 2219 ,
832 2190 898 2213 non
921 2177 1100 2212 haberetur
1129 2178 1214 2212 ratio

247 2225 322 2269 ejus
345 2225 500 2260 interess'e
526 2225 657 2261 ratione
679 2226 771 2267 loci,
808 2225 830 2259 fi
853 2225 989 2261 debitor
1013 2225 1090 2259 alibi
1109 2225 1217 2261 solve-

249 2282 301 2307 ret
317 2300 327 2314 ,
365 2272 422 2307 sed
449 2272 559 2319 posset
584 2275 697 2309 haberi
722 2274 808 2308 ratio
831 2273 986 2309 interesse
1005 2300 1015 2316 ‚
1041 2273 1136 2322 quod
1165 2287 1216 2309 ra-

250 2321 349 2356 tione
366 2321 473 2357 tardae
496 2322 673 2357 solutionis
698 2321 806 2368 passus
829 2321 921 2357 esset.

299 2368 463 2416 Intellige
492 2370 577 2405 hanc
611 2370 900 2405 subextenfionem
927 2397 936 2412 ‚
979 2381 1018 2406 ut
1046 2369 1214 2416 procedat

253 2417 408 2452 cumbae
422 2418 649 2454 distinetione:
671 2419 748 2453 Aut
764 2419 937 2466 loquimur
951 2418 1099 2465 respectu
1119 2431 1214 2454 com-

250 2465 413 2512 petentiae
432 2465 517 2506 fori,
547 2467 581 2501 δε
599 2479 681 2502 tunc
703 2466 783 2501 dico
797 2494 807 2508 ,
828 2465 940 2502 forum
961 2478 1214 2512 competentem

247 2514 319 2560 'dici
337 2514 452 2548 locum
473 2514 649 2550 destinatae
666 2514 865 2557 solutionis3
893 2524 931 2549 ut
951 2515 1098 2549 declarat
1124 2516 1213 2550 Abb.

241 2564 317 2610 ficp.
334 2565 453 2599 citatus
470 2589 479 2602 ‚
506 2564 539 2596 ὅ(
561 2563 605 2598 ita
627 2562 783 2610 procedit
804 2562 1035 2598 subextenfio:
1068 2563 1145 2598 Aut
1163 2565 1215 2598 lo-

250 2610 387 2657 quimur
409 2609 556 2657 respeRu
583 2610 710 2646 ordinis
734 2610 962 2656 procedendi,
1003 2612 1036 2645 δε
1065 2609 1213 2658 τείρεξὶιι

250 2658 429 2693 decisionis
443 2660 553 2694 causae
569 2686 578 2699 ‚
606 2661 639 2694 ὅ(
653 2660 683 2692 in
699 2658 766 2692 hoc
785 2671 837 2693 nie
859 2659 994 2693 remitto
1009 2659 1051 2692 ad
1065 2670 1113 2700 ea,
1130 2671 1211 2706 quae

251 2706 361 2753 scripsi
378 2709 410 2738 in
423 2719 489 2739 meo
503 2708 601 2741 trafl.
615 2708 656 2741 de
666 2707 771 2750 judic.
788 2709 876 2753 caus:
889 2707 965 2742 li.i.
985 2721 1012 2742 c.
1024 2709 1210 2755 101.subn.

255 2767 311 2800 30.
330 2755 494 2800 insutum
512 2755 715 2802 impressione.

301 2800 459 2850 Explica,
486 2814 524 2836 ut
544 2803 643 2838 loeus
671 2802 830 2837 celebrati
861 2803 1054 2838 contradus
1073 2815 1142 2838 non
1159 2803 1212 2838 di-

253 2861 351 2886 catur
364 2850 439 2891 ille,
464 2862 504 2884 ex
519 2862 592 2898 quo
614 2850 882 2885 transmittuntur
898 2851 1042 2893 litterae,
1057 2851 1114 2886 seu
1131 2863 1213 2886 nun-

251 2898 320 2933 tius
340 2924 349 2939 ‚
378 2897 433 2932 sed
455 2898 589 2933 dicatur
610 2899 688 2940 ille,
714 2897 746 2931 in
773 2910 845 2945 quo
869 2898 1047 2933 consensus
1069 2901 1214 2946 conjun-

252 2957 381 2992 guntur
399 2973 407 2986 ‚
441 2947 474 2981 &
493 2946 618 2981 littera·
647 2947 829 2980 mittuntur
851 2946 1071 2989 executioni,
1108 2959 1215 2995 quare

251 2995 332 3029 licet
348 2994 444 3029 Civis
460 2995 645 3029 Gentiensis
657 3020 666 3035 ‚
694 2994 828 3040 agendo
844 3006 963 3029 contra
982 2995 1213 3042 Albinganen-

252 3043 336 3082 sem,
367 3052 520 3077 teneatur
546 3043 637 3089 sequi
665 3044 772 3076 sorum
805 3043 1061 3089 Albinganensis
1089 3057 1121 3077 in
1147 3044 1212 3079 virn

252 3090 518 3125 conventionum
532 3102 609 3124 cum
623 3088 830 3133 ¹Serenitsima
845 3090 1038 3137 Republica
1052 3104 1065 3135 ·,
1093 3103 1212 3133 tamen,

252 3138 274 3171 fi
291 3150 370 3183 agat
391 3149 431 3172 ex
450 3137 502 3175 eo,
523 3139 620 3185 quod
639 3139 775 3173 solverit
793 3149 927 3172 centum
942 3140 1039 3174 Titio
1052 3166 1061 3180 ‚
1075 3139 1212 3174 existen-

252 3186 278 3220 ti
299 3188 435 3221 Genuae
456 3213 466 3227 ,
496 3185 551 3220 seu
576 3186 660 3233 qnid
682 3185 772 3220 alind
795 3188 930 3221 Genuae
957 3187 1064 3233 egerit
1093 3188 1215 3233 vigore

252 3234 435 3268 litterarum
452 3261 461 3274 ,
508 3234 563 3268 sibi
595 3236 637 3268 ab
671 3234 910 3279 Albinganensi
945 3247 985 3269 ex
1017 3235 1213 3283 Albingano

252 3282 524 3325 transmissarum3
553 3281 682 3328 poterit
707 3282 769 3314 islo
785 3281 860 3315 casu
887 3294 927 3316 ex
953 3283 1150 3329 Albingano
1167 3283 1214 3317 ci-

253 3340 325 3363 tare
346 3329 630 3377 Albinganensem
654 3329 879 3363 mandatorem
902 3342 1014 3365 coram
1039 3330 1214 3376 judicibus

253 3378 414 3417 Genuae,
443 3378 523 3424 qnia
546 3377 739 3412 contradus
765 3378 911 3412 mandati
938 3378 1140 3426 intelligitur
1159 3390 1215 3413 ce-

255 3426 401 3460 lebratus
421 3425 559 3460 Genuae
573 3453 582 3465 ,
607 3427 640 3460 &
658 3425 903 3460 conventiones
915 3427 1213 3472 Albinganensium

254 3484 332 3508 cum
352 3472 556 3506 Sereniffima
577 3472 767 3519 Republica
785 3473 958 3518 excipiunt
972 3475 1095 3515 casum,
1109 3485 1215 3522 quan-

254 3522 301 3554 do
323 3520 514 3554 contrarius
532 3521 577 3554 est
599 3522 787 3555 celebratus
798 3521 940 3555 (iennae
954 3548 964 3562 ,
983 3524 1049 3555 Rot.
1073 3522 1212 3556 Geniien.

254 3569 324 3603 dec.
341 3568 527 3614 161.pe11'i'r.
537 3580 567 3601 n.
585 3582 612 3612 3.
629 3571 663 3601 in
675 3568 748 3609 fine,
764 3568 797 3606 ὢ
816 3581 845 3602 n.
862 3581 895 3610 4.
910 3581 949 3602 ex
964 3570 1113 3604 doetrina
1130 3571 1215 3604 Bal-

255 3617 291 3649 di·
308 3619 340 3649 in
358 3617 381 3648 l.
395 3616 425 3648 6.
439 3617 572 3648 mulium
591 3618 727 3655 iiiteresl.
743 3627 773 3650 n.
798 3629 809 3650 i
823 3629 849 3650 i.
868 3616 977 3662 infine
990 3643 1001 3658 ,
1030 3620 1118 3664 W’Cs·
1135 3619 1214 3666 quid

250 3676 324 3711 ergo
342 3662 413 3706 C.st
427 3665 498 3711 quii*
516 3663 578 3696 alt.
595 3663 704 3709 velfib
717 3691 727 3701 ,

166 2393 231 2415 211

576 165 927 249 Sigismundi
962 168 1206 229 Scacciae
1254 168 1451 229 Trade.
1489 168 1565 229 de
1592 155 1917 230 Commers

1315 255 1535 291 Subextende
1562 256 1682 296 tertio,
1714 266 1751 290 ut
1778 255 1934 303 quamvis
1955 255 2108 292 creditor
2125 255 2304 318 poffit2¹3
2379 254 2399 287 tii

1266 304 1452 338 convenire
1472 303 1662 339 debitorem
1683 304 1715 336 in
1731 305 1812 339 loco
1827 303 2010 339 destinatae.
2026 304 2201 340 solutionis
2215 329 2225 344 ,
2363 302 2385 362 ,4

1265 361 1305 386 ut
1323 351 1392 386 dixi
1399 355 1553 400 Juprayi.
1573 353 1652 386 206.
1669 352 1704 388 &
1714 352 1808 398 seqq.
1828 363 1938 395 tamen
1957 363 2028 386 non
2046 362 2227 399 propterea
2379 382 2381 387 A

1266 398 1455 447 denegatur
1478 399 1528 440 ei,
1558 398 1655 446 quod
1678 398 1776 446 pOffit
1803 399 1897 434 illum
1920 401 2104 436 convenire
2127 401 2226 445 etiam
2383 413 2386 438 i

1268 446 1299 479 in
1319 447 1399 483 loco
1418 446 1584 482 domicilii
1602 447 1700 494 ipfius
1721 446 1907 489 debitoris,
1935 449 1959 482 l.
1976 461 2029 492 ¹9·
2053 449 2151 482 haeres
2165 447 2244 491 abs

1259 496 1399 541 senssff.
1416 496 1458 529 de
1472 496 1577 538 judic,
1599 496 1633 530 δε
1647 521 1657 535 ,
1683 495 1781 542 quod
1805 496 1954 530 creditor
1971 495 2068 542 poffit
2089 496 2225 532 debito-

1269 553 1338 577 rem
1364 544 1549 579 convenire
1571 544 1671 578 etiarn
1690 544 1724 577 in
1757 544 1838 583 loco
1860 543 1999 590 originis
2013 571 2023 585 ,
2052 543 2076 577 si
2099 544 2167 579 illic
2188 543 2229 578 il-

1270 590 1339 623 luni
1365 591 1533 637 reperiam
1563 591 1665 638 quia,
1693 592 1715 626 fi
1736 592 1780 626 est
1806 591 1898 633 illic,
1928 604 1997 627 non
2019 592 2065 626 est
2085 591 2117 626 in
2145 593 2228 628 loco

1271 637 1445 674 destinatae
1477 638 1680 680 solutionis,
1719 638 1832 675 scribit
1855 641 1926 674 Rot.
1953 640 2094 674 Genucii.
2125 639 2226 688 decis·

1270 697 1345 728 104.
1360 687 1602 735 filiatione.fiib
1614 700 1643 721 n.
1661 700 1693 734 7.
1708 689 1796 735 vers
1809 692 2020 723 contrarium.

1327 734 1488 781 Intellige
1513 735 1600 770 hanc
1627 734 1913 771 subextenfionem
1929 762 1939 777 ,
1971 747 2010 771 ut
2032 735 2198 783 procedat
2214 761 2225 777 ,
2243 759 2312 792 „4

1269 782 1457 818 dummodo
1473 783 1625 818 creditor
1641 796 1711 818 non
1727 795 1806 831 agat
1825 795 1902 819 ante
1913 783 2000 818 diem
2012 810 2022 824 ,
2047 784 2128 831 quia
2144 783 2228 818 male

1271 841 1388 877 ageret
1400 857 1410 872 ,
1431 831 1465 866 ὅ(
1483 832 1654 866 diceretur
1670 843 1770 878 agere
1784 842 1862 866 ante
1880 831 1985 873 diem,
2006 832 2104 866 etiam
2121 843 2230 880 quan-

1270 879 1318 914 do
1346 890 1462 926 ageret
1484 880 1559 926 post
1585 879 1695 921 diem,
1733 892 1801 915 non
1827 879 2005 926 expeetato
2029 889 2125 916 tanto
2147 891 2230 915 tem-

1270 939 1374 973 pore,
1405 939 1478 976 quo
1502 928 1638 964 debitor
1663 927 1845 972 commode
1867 927 1974 973 posset
1999 929 2164 963 accedere
2184 928 2229 964 ad

1270 976 1386 1009 locum
1405 975 1416 1017 ,
1445 976 1585 1023 quando
1603 988 1681 1010 ante
1703 975 1791 1010 diem
1817 975 1929 1011 fuiffet
1953 976 1986 1010 in
2010 988 2104 1012 mora
2127 988 2230 1012 excu-

1271 1023 1360 1056 sabili
1375 1050 1383 1063 ,
1411 1034 1450 1058 ut
1472 1025 1504 1058 in
1524 1023 1620 1067 casu,
1647 1024 1692 1059 de
1709 1035 1782 1071 quo
1799 1026 1887 1070 infra
1901 1025 1967 1071 suli
1985 1036 2016 1058 n.
2033 1025 2113 1059 216.
2129 1025 2226 1061 Paul.

1270 1071 1313 1105 de
1336 1071 1438 1117 Castr.
1457 1074 1490 1107 in
1505 1073 1529 1106 l.
1551 1084 1578 1106 ι.
1591 1072 1650 1117 sub
1668 1085 1697 1106 n.
1715 1086 1746 1106 2.
1756 1072 1799 1117 ff.
1817 1073 1858 1105 de
1876 1085 1910 1105 eo
1929 1072 2012 1119 quod
2026 1083 2106 1107 cert.
2117 1073 2178 1110 loc.

1319 1120 1456 1166 Amplia
1472 1120 1579 1167 primo
1595 1120 1681 1155 hanc
1701 1119 2008 1161 subextensionem,
2039 1120 2086 1154 sic
2099 1119 2226 1156 intelle-

1272 1166 1357 1201 stam
1372 1194 1381 1208 ,
1409 1179 1446 1204 ut
1470 1169 1652 1215 procedat,
1671 1168 1768 1203 etiam
1792 1167 1813 1201 si
1829 1167 1981 1203 creditor
1997 1180 2066 1204 non
2089 1168 2226 1215 doceat,

1269 1214 1368 1262 quod
1399 1215 1433 1249 in
1458 1217 1538 1251 loco
1564 1217 1738 1252 deslinatae
1763 1215 1938 1251 solutionis
1960 1215 2224 1252 summamdebi-

1268 1273 1334 1297 tam
1351 1263 1514 1312 consequi
1525 1277 1591 1300 non
1615 1265 1743 1311 potuit,
1765 1264 1844 1311 quia
1859 1264 1974 1298 adhuc
1987 1264 2115 1310 porerit
2130 1264 2225 1300 debi-

1269 1321 1378 1346 torem
1398 1312 1476 1347 alibi
1500 1313 1702 1356 convenire,
1729 1315 1815 1359 Cres.
1835 1312 1934 1360 decis,
1947 1315 2081 1347 malias
2097 1325 2152 1359 34.
2166 1313 2224 1348 lib.
2311 1340 2316 1345 .
2342 1311 2343 1336 l

1270 1371 1301 1393 2.
1316 1363 1370 1394 tit.
1381 1360 1528 1408 desolat,
1713 1401 1716 1405 ⁴
1852 1383 1853 1386 =
2050 1366 2055 1368 “
2154 1386 2160 1395 «,
2205 1373 2225 1394 a
2342 1393 2344 1403 ,

1317 1409 1454 1453 Amplia
1480 1408 1656 1450 secundo,
1690 1418 1729 1442 ut
1753 1407 1940 1455 procedat,
1969 1407 2069 1442 etiam
2095 1408 2117 1442 si
2145 1420 2225 1444 con-
2242 1422 2310 1456 ,ις
2344 1436 2346 1446 i

1266 1457 1350 1497 stet,
1375 1457 1561 1493 debitorem
1580 1469 1649 1491 non
1678 1456 1775 1493 fuisse
1797 1457 1827 1491 in
1855 1468 1945 1490 mora
1971 1456 2159 1492 accedendi
2182 1457 2225 1492 ad
2319 1466 2322 1469 ’
2344 1447 2346 1467 ¹

1267 1506 1357 1538 illum
1387 1505 1502 1540 locum
1523 1532 1532 1547 ,
1574 1504 1654 1553 quia
1683 1504 1794 1541 adhuc
1821 1504 1971 1539 creditor
1995 1505 2105 1551 potest
2132 1505 2227 1540 illuni
2318 1510 2348 1543 ,ἔ

1266 1553 1342 1587 alibi
1367 1554 1571 1594 convenire,
1601 1554 1699 1588 Paul.
1718 1554 1760 1587 de
1774 1554 1876 1600 Castr.
1897 1555 1929 1586 in
1947 1552 1970 1588 l.
1991 1566 2020 1586 ι.
2037 1565 2070 1588 n.
2087 1554 2171 1600 ².ff.
2184 1555 2226 1588 de

1267 1615 1301 1636 eo
1323 1602 1407 1649 quod
1433 1614 1498 1638 cer.
1518 1603 1579 1636 loc.
1600 1612 1705 1648 qnare
1730 1601 1810 1636 licet
1838 1600 1974 1636 debitor
1995 1599 2137 1636 doceret
2156 1628 2165 1643 ‚
2193 1601 2228 1637 se

1268 1651 1313 1684 ob
1332 1648 1546 1683 neceslarium
1574 1649 1848 1694 impedimentum
1875 1661 1942 1683 non
1964 1647 2112 1695 potuisse
2127 1661 2227 1685 acce-

1268 1697 1348 1731 dere
1364 1724 1373 1739 ,
1403 1700 1436 1732 &
1454 1697 1591 1732 offerret
1614 1698 1646 1731 se
1668 1695 1896 1737 accessurum,
1924 1696 2006 1731 dato
2031 1696 2090 1731 fibi
2119 1699 2227 1733 termi-

1269 1759 1313 1780 no
1330 1757 1487 1792 congruo
1511 1746 1554 1780 ad
1571 1744 1753 1780 commode
1770 1744 2002 1779 accedendum
2015 1771 2025 1786 ,
2049 1747 2083 1780 dc
2109 1745 2153 1781 sic
2179 1747 2226 1782 ob

1267 1792 1351 1830 illud
1377 1794 1501 1839 justum
1524 1794 1796 1840 impedimentum
1820 1805 1887 1828 non
1912 1793 2083 1836 diceretur
2099 1793 2131 1827 in
2152 1806 2226 1829 mo-

1268 1854 1302 1876 ra
1319 1855 1332 1886 ·,
1355 1851 1464 1876 tamen
1480 1842 1595 1877 adhuc
1616 1842 1722 1887 pollet
1739 1842 1888 1876 creditor
1902 1851 1978 1876 eum
1999 1841 2075 1876 alibi
2099 1853 2226 1877 conve-

1269 1890 1340 1924 nire
1354 1917 1362 1928 ,
1395 1891 1492 1927 Paul,
1508 1890 1549 1924 de
1564 1890 1666 1935 Castr.
1681 1890 1859 1936 ubisitprti.

1316 1937 1485 1984 Tempera
1500 1938 1556 1972 has
1574 1942 1657 1972 duas
1673 1939 1923 1985 ampliationes,
1939 1947 1978 1973 ut
1997 1937 2029 1971 in
2041 1937 2142 1984 prima
2158 1949 2225 1972 am·
2242 1957 2310 1992 ²¹7
2353 1963 2355 1971 .

1270 1985 1432 2033 pliatione
1453 1986 1605 2021 creditor
1618 2013 1628 2028 ,
1656 1997 1696 2020 ex
1710 1998 1782 2033 quo
1803 1998 1870 2020 non
1883 1985 1988 2020 docet
2004 1985 2048 2020 de
2065 1997 2157 2020 mora
2169 1985 2226 2021 de·
2354 1985 2355 1991 ¹

1274 2035 1413 2074 bitoris‚
1441 2037 1474 2070 ὅς
1501 2035 1593 2068 illum
1618 2033 1713 2081 ecgit
1738 2034 1779 2068 ad
1809 2034 2007 2068 solvendum
2037 2034 2137 2075 alibi,
2170 2033 2232 2068 de-

1273 2085 1351 2118 beat
1380 2094 1419 2116 ex
1446 2093 1518 2117 tota
1545 2082 1668 2117 summa
1686 2108 1696 2124 ‚
1726 2082 1783 2117 sibi
1810 2082 1948 2123 debita,
1975 2081 2149 2117 deducere
2170 2083 2232 2125 id,

1274 2130 1373 2179 quod
1397 2130 1529 2166 interest
1551 2130 1716 2165 debitoris
1730 2157 1740 2170 ‚
1779 2129 1907 2166 solvere
1943 2129 2020 2164 alibi
2040 2156 2050 2172 ,
2079 2142 2179 2179 quain
2201 2131 2236 2166 in

1273 2179 1354 2213 loco
1382 2179 1556 2214 destinatae
1569 2178 1772 2223 solutionis,
1804 2181 1964 2226 Crescent.
1983 2177 2018 2212 d.
2039 2177 2112 2214 dec.
2135 2181 2237 2226 ²·s-0‘

1272 2229 1404 2262 lusione.
1424 2227 1465 2261 de
1488 2228 1584 2273 solut.
1603 2229 1637 2261 ὅ(
1658 2227 1805 2261 similiter
1825 2226 1857 2261 in
1880 2221 2026 2261 se'cunda
2049 2226 2238 2273 ampliatio-

1272 2286 1334 2315 ne,
1363 2287 1436 2322 quo
1461 2275 1595 2310 debitor
1615 2273 1682 2309 fuit
1707 2274 1913 2320 impeditus3
1937 2276 1970 2310 &
1998 2273 2078 2308 ideo
2097 2275 2237 2322 excusa-

1272 2334 1327 2358 tur
1348 2322 1366 2357 ὲ
1393 2335 1486 2357 mora
1500 2350 1510 2365 ,
1544 2325 1578 2358 <Sc
1598 2321 1699 2357 offert
1721 2324 1851 2357 solvere
1873 2322 1906 2356 in
1928 2323 2010 2357 loco
2033 2321 2235 2365 solutionis,
2264 2336 2267 2339 ·

1271 2371 1362 2405 nulla
1382 2372 1524 2406 habetur
1550 2370 1634 2405 ratio
1658 2370 1811 2406 interesse
1831 2369 2034 2411 creditoris,
2063 2369 2118 2405 sed
2149 2372 2235 2406 bene

1271 2418 1413 2454 habetur
1433 2420 1518 2455 ratio
1539 2418 1694 2454 interesse
1716 2419 1903 2460 debitoris,
1930 2419 2028 2453 Paul.
2044 2419 2086 2453 de
2103 2420 2186 2466 Cast.
2195 2422 2232 2461 tjn
2361 2436 2383 2458 ,ι

1270 2468 1306 2504 d.
1325 2469 1350 2502 l.
1370 2468 1464 2514 asub
1478 2480 1508 2502 n.
1526 2481 1556 2502 2.
2120 2484 2129 2492 ·

1318 2515 1421 2551 Ratio
1454 2516 1500 2550 est
1523 2542 1533 2557 ‚
1568 2515 1650 2563 quia
1676 2514 1763 2550 ficut
1792 2513 1930 2549 debitor
1961 2515 2072 2561 potest
2100 2513 2230 2550 solvere

1269 2564 1366 2604 alibi,
1394 2564 1582 2599 dummodo
1605 2563 1690 2597 ultra
1712 2562 1833 2597 sortem
1853 2561 1962 2598 solvat
1988 2562 2040 2604 id,
2067 2563 2164 2611 quod
2181 2563 2228 2598 in-

1269 2612 1368 2647 terest
1395 2611 1573 2647 creditoris
1598 2637 1608 2652 ‚
1643 2610 1700 2644 sibi
1723 2623 1790 2645 non
1813 2610 1899 2645 solvi
1923 2610 1956 2644 in
1979 2610 2061 2646 loco
2085 2611 2228 2650 destina-

1268 2670 1316 2694 tae
1341 2659 1541 2701 solutionis,
1581 2669 1619 2694 ut
1650 2658 1785 2693 secutus
1814 2658 1883 2693 sum
1899 2660 2007 2706 supra
2035 2671 2119 2696 num.
2144 2671 2227 2695 200.

1268 2708 1353 2743 decl.
1371 2721 1403 2742 2.
1431 2710 1464 2742 ὃς
1484 2707 1565 2743 facit
1587 2707 1685 2755 quod
1709 2705 1816 2755 scripfi
1840 2711 1881 2750 5.
1902 2706 2120 2753 praecedenti,
2148 2718 2178 2754 q.
2193 2721 2228 2755 7.

1265 2767 1341 2803 par.
1355 2769 1387 2790 2.
1405 2757 1556 2803 ampliat.
1575 2757 1607 2790 8.
1631 2767 1715 2789 num.
1739 2767 1816 2802 307.
1840 2756 1927 2802 vers.
1946 2765 2092 2802 tempera
2109 2758 2228 2803 primo.

1269 2805 1314 2838 ita
1335 2804 1433 2839 etiam
1458 2803 1609 2838 creditor
1634 2801 1667 2835 in
1692 2802 1766 2838 casu
1788 2802 1958 2838 contrario
1981 2828 1991 2843 ,
2018 2813 2147 2847 cogens
2168 2802 2230 2838 de-
2259 2811 2267 2818 ·

1267 2853 1410 2888 bitorem
1433 2850 1476 2886 ad
1497 2850 1695 2887 solvendum
1714 2852 1792 2886 alibi
1809 2876 1819 2892 ,
1859 2860 1993 2885 tenetur
2011 2850 2159 2886 debitori
2184 2849 2228 2886 ad

1267 2899 1434 2936 interesse.

1317 2946 1437 2984 Infero
1454 2958 1493 2980 ex
1513 2946 1575 2980 hac
1586 2946 1682 2982 tertia
1702 2945 1977 2984 subextensione,
2005 2947 2039 2981 &
2052 2944 2150 2980 dietis
2162 2944 2227 2981 cir·
2244 2954 2312 2989 „g

1268 3009 1306 3031 ca
1325 3008 1395 3030 eam
1407 3022 1415 3036 ‚
1443 2994 1541 3042 quod
1558 2993 1808 3029 licet'creditor
1825 2993 1945 3029 cambii
1962 2993 2064 3028 fuerit
2088 2993 2121 3028 in
2137 3005 2229 3029 mora

1268 3043 1453 3078 accedendi
1473 3042 1514 3076 ad
1538 3042 1703 3077 nundinas
1721 3068 1730 3082 ,
1760 3041 1816 3076 seu
1838 3041 1938 3076 alium
1953 3042 2068 3076 locum
2091 3040 2230 3077 destina-

1268 3103 1314 3126 tae
1330 3091 1530 3132 solutionis3
1562 3101 1669 3125 tamen
1689 3090 1817 3136 poterit
1839 3089 2032 3125 debitorem
2054 3089 2132 3124 alibi
2147 3102 2230 3125 con-

1269 3142 1405 3179 venire,
1429 3138 1581 3173 ἀεάυᾶο
1599 3149 1642 3174 eo
1657 3164 1666 3180 ,
1689 3137 1785 3184 quod
1804 3136 2147 3172 debitoris-interesset
2165 3137 2230 3172 sol-

1269 3199 1349 3221 vere
1372 3187 1469 3227 alibi,
1488 3197 1588 3233 quarn
1609 3185 1643 3220 in
1657 3184 1837 3220 nundinis:
1860 3186 1894 3220 ὅς
1911 3185 1929 3219 ἐ
1951 3185 2116 3220 converso
2135 3185 2231 3220 debi-
2377 3206 2390 3228 0

1269 3246 1323 3270 tor
1352 3234 1503 3270 morosus
1529 3234 1561 3267 in
1587 3246 1654 3269 non
1676 3234 1873 3269 accedendo
1898 3234 1941 3280 gd
1969 3232 2168 3268 solvendum
2196 3233 2230 3268 in

1268 3282 1426 3317 nundinis
1441 3309 1450 3324 ‚
1480 3281 1592 3329 potest
1615 3280 1818 3316 creditorem
1842 3293 1971 3327 cogere
1991 3281 2034 3315 ad
2068 3280 2231 3328 reeipien-

1268 3330 1343 3364 darn
1363 3329 1566 3365 solutionem
1590 3329 1694 3371 alibi,
1718 3328 1908 3364 dummodo
1935 3328 2044 3364 solvat
2066 3328 2111 3362 illi
2129 3330 2230 3364 inter-

1269 3378 1334 3411 esse
1359 3388 1424 3413 tam
1455 3378 1585 3413 ratione
1601 3376 1690 3418 loci,
1722 3387 1824 3423 quani
1845 3377 2034 3423 temporis3
2058 3377 2091 3411 &
2120 3376 2231 3424 postet

1269 3425 1376 3472 ipsum
1392 3425 1603 3472 interpellare
1614 3424 1656 3459 ad
1675 3423 1884 3458 redeundum
1907 3425 1949 3459 ad
1971 3423 2145 3466 nundinas,
2159 3424 2229 3472 seq.

1269 3485 1307 3507 ut
1327 3473 1397 3508 illic
1414 3473 1615 3508 solutionem
1630 3471 1768 3518 recipiat
1780 3498 1790 3513 ,
1808 3472 1922 3507 oblata
1945 3471 2116 3510 tamenilli
2139 3471 2230 3508 solu-

1270 3522 1362 3555 tione
1383 3520 1601 3567 expensarum
1623 3531 1685 3566 pro
1708 3519 1850 3560 itinere,
1871 3521 1904 3554 &
1923 3520 2062 3562 labore3
2091 3531 2164 3567 quo
2176 3533 2230 3555 ca-

1268 3568 1304 3601 su
1322 3568 1343 3601 ii
1366 3569 1519 3603 creditor
1543 3568 1650 3602 nollet
1674 3567 1806 3608 redire,
1835 3580 1902 3601 non
1933 3578 2103 3602 teneretur
2119 3567 2162 3601 ad
2179 3568 2230 3602 in-

1271 3613 1388 3650 teresse
1411 3615 1541 3651 ratione
1557 3615 1644 3655 loci,
1662 3613 1716 3648 sed
1737 3613 1841 3649 solum
1860 3615 1902 3648 ad
1926 3613 2080 3648 interesse
2101 3616 2231 3652 ratione

1269 3662 1430 3711 temporis
1442 3689 1451 3705 ,
1476 3673 1513 3698 ut
1527 3662 1750 3709 scripsisupra
1766 3674 1797 3697 n.
1813 3675 1890 3696 210.
1904 3665 1937 3696 in
1954 3661 2026 3705 fine.

2244 1152 2308 1187 2¹5
2338 1156 2340 1193 ¹:

2089 3708 2226 3746 Subde-
