2400 3939
262 177 368 245 368

259 267 314 300 vel
333 264 424 314 quasi
448 267 645 308 contrastu,
673 267 734 314 qui
755 267 793 302 fit
815 267 921 302 solum
950 268 982 302 in
1001 269 1141 314 gratiam
1156 296 1166 310 ,
1189 268 1224 304 δε

260 314 441 349 utilitatem
461 315 642 351 creditoris
663 315 792 357 faetus,
811 316 978 352 restitutio
996 316 1068 351 fieri
1090 316 1225 358 debeat,

261 360 414 397 facienda
439 362 485 397 est
505 362 538 397 in
560 364 653 405 loco,
674 365 732 398 ubi
750 364 916 410 reperitur
940 364 1100 406 debitor,
1128 366 1181 400 vel
1194 366 1228 399 in

261 409 344 445 loco
370 410 429 444 ubi
449 422 500 445 res
517 423 660 457 accepta
674 411 740 448 fuit
754 439 764 455 ,
791 410 846 446 sed
864 411 1012 458 expensis
1027 412 1226 453 creditoris,

260 457 450 493 dummodo
479 459 623 494 absentia
651 459 817 495 debitoris
836 459 855 493 a
878 460 985 501 loco,
1015 461 1048 493 in
1076 472 1150 508 quo
1174 472 1227 495 res

259 516 403 553 accepta
423 506 505 547 suit,
526 520 593 542 non
617 509 654 543 sit
672 506 816 549 dolosa3
843 509 876 542 &
895 519 1075 554 propterea
1091 508 1225 555 deposi-

260 566 332 591 tum
346 554 391 588 est
406 554 647 590 restituendum
663 555 696 590 in
717 568 760 591 eo
778 556 880 596 loco,
911 556 966 590 ubi
987 556 1032 590 est
1054 556 1225 603 deposita-

257 602 346 643 rius,
372 604 405 637 δε
421 602 566 638 similiter
581 603 731 650 legatum
748 604 792 638 est
809 602 1006 638 solvendum
1024 604 1113 639 eoin
1132 606 1224 646 loco,

260 649 319 684 ubi
342 651 388 685 est
412 662 463 685 res
485 651 614 697 legata,
637 654 689 688 J0.
706 654 816 686 Azor.
835 651 877 685 de
901 652 1000 695 instit.
1019 653 1137 687 moral.
1150 664 1224 700 par.

262 711 292 744 3.
312 700 385 741 1124.
403 702 453 732 tit.
469 698 512 732 de
528 699 628 732 rellit.
644 712 674 733 c.
689 711 743 745 33.
759 699 842 736 vers.
854 702 950 733 tertio
965 700 1107 734 dicimus
1123 713 1225 748 quan-

260 746 436 793 docunque.
450 748 485 782 &
505 748 588 793 veis.
598 749 670 795 seq.
692 748 753 783 col.
771 759 848 793 333.

307 794 536 831 Confirmatur
561 806 686 842 quarto
706 821 715 836 ‚
756 807 824 830 non
846 795 988 831 multum
1014 795 1223 831 discedendo

259 841 279 876 ῗι
306 842 451 877 terminis
473 842 578 891 hujtis
595 843 706 878 tertiae
729 843 977 890 praecedentis,
1008 845 1090 892 quia
1114 844 1134 878 fi
1149 846 1227 891 quis

259 902 327 933 rem
350 890 488 924 alienam
508 891 657 926 inveniat
671 918 681 932 ,
711 902 814 938 puta,
842 893 1030 937 jumentum
1044 919 1053 933 ,
1078 893 1223 934 vestem,

259 950 451 974 crumenam
467 965 476 979 ,
495 940 538 976 ,&
556 939 666 974 similia
681 966 689 980 ,
723 940 873 987 haecqtie
893 941 981 975 bona
1001 940 1072 975 fide
1089 952 1224 982 teneat,

259 998 299 1021 ut
320 997 457 1034 reperto
483 987 623 1022 domino
645 999 746 1036 quam
774 989 916 1035 primum
945 988 1121 1031 restituat,
1158 1001 1226 1024 non

258 1033 362 1070 debet
390 1047 427 1070 ea
453 1035 519 1069 suis
544 1037 691 1081 expenfis
711 1035 754 1071 ad
778 1035 953 1070 dominum
978 1038 1133 1079 mittere,
1171 1037 1227 1071 sed

259 1085 364 1119 debet
384 1083 540 1119 domitius
561 1083 603 1117 ad
627 1095 703 1118 eum
719 1085 906 1123 accedere,
935 1085 990 1118 vel
1012 1097 1146 1120 mittere
1163 1085 1228 1119 suis

258 1131 435 1178 expensis·‚
468 1135 501 1168 δε
528 1131 697 1174 similiter,
723 1133 743 1166 si
767 1144 845 1179 quis
875 1133 1002 1179 quovis
1025 1134 1118 1180 julio
1143 1134 1228 1169 titu-

257 1180 317 1219 lo,
346 1182 380 1215 &
403 1182 493 1214 bona
520 1179 590 1214 fide
610 1192 676 1214 rem
703 1180 840 1215 alienam
864 1180 1026 1226 poilideat
1045 1209 1055 1223 ,
1082 1182 1107 1216 is
1124 1208 1134 1223 ,
1160 1194 1229 1216 non

256 1227 361 1262 debet
382 1226 448 1261 suis
479 1227 666 1275 sumptibus
690 1240 759 1262 eam
785 1228 827 1262 ad
857 1229 1033 1264 dominum
1066 1240 1225 1272 mittere,

259 1276 314 1311 sed
343 1275 446 1311 debet
482 1275 642 1311 dominus
675 1276 838 1311 accedere
857 1303 866 1314 ,
904 1278 957 1321 vel
990 1278 1126 1313 mittere
1164 1278 1230 1313 suis

259 1324 447 1370 sumptibus
462 1351 472 1365 ,
506 1334 545 1359 ut
568 1324 737 1360 declarant
755 1326 885 1361 Medin.
903 1328 1014 1372 insuis
1038 1328 1133 1361 ιναῐὶ.
1150 1338 1228 1361 tom.

261 1385 292 1408 2.
309 1375 360 1407 tit.
378 1372 419 1406 de
435 1372 506 1407 rub.
522 1373 622 1418 restit.
648 1385 677 1420 q.
698 1387 728 1408 2.
750 1377 781 1407 in
795 1375 929 1420 respons.
948 1375 996 1408 ad
1011 1387 1041 1419 3.
1069 1375 1202 1409 dubium
1219 1401 1229 1416 ,

261 1421 322 1455 col.
348 1433 401 1456 iz.
424 1423 511 1467 veis.
526 1421 573 1454 ad
593 1421 630 1454 id
646 1422 741 1468 qnod.
760 1422 818 1466 fol.
838 1424 932 1468 i7.&
952 1425 1048 1458 Joan.
1068 1426 1174 1460 Azor.
1192 1423 1225 1456 d.

260 1483 312 1504 ca.
333 1481 387 1515 33.
406 1471 492 1517 veis.
507 1472 605 1503 teriia
626 1474 728 1517 opinio
748 1465 807 1504 iol.
822 1482 898 1516 3²3·
917 1471 950 1504 6<
966 1471 1064 1517 quod
1079 1471 1100 1504 ii
1122 1471 1230 1506 donii—

261 1529 323 1551 nus
339 1544 349 1558 ,
384 1519 441 1552 cui
467 1517 636 1552 restitutio
664 1518 734 1552 fieri
759 1517 862 1553 debet
882 1544 892 1559 ,
918 1519 956 1552 sit
976 1520 1008 1552 in
1032 1520 1230 1567 longinquis

260 1567 433 1612 partibus,
461 1565 507 1600 ita
530 1577 566 1600 ut
587 1567 628 1600 ad
653 1578 728 1600 eum
747 1565 833 1601 mitti
857 1580 922 1602 non
944 1565 1058 1613 pollii.
1084 1580 1141 1602 aut
1163 1581 1231 1602 non

260 1615 326 1648 line
342 1625 464 1660 magno
480 1614 636 1659 periculo
650 1641 660 1654 ,
687 1625 746 1650 aut
758 1614 913 1650 scandalo
926 1642 935 1656 ,
959 1627 1041 1650 tunc
1056 1616 1229 1651 restituen—

260 1662 339 1696 dum
358 1663 398 1697 fit
425 1663 518 1705 Jasu
544 1662 732 1698 Crinis‘ro
758 1663 914 1697 Domino
934 1666 1047 1699 noilro
1072 1675 1228 1711 tanquam

258 1711 465 1745 incertorum
501 1711 653 1746 omnium
691 1711 817 1746 liaeredi
856 1712 1031 1746 universali
1061 1740 1070 1752 ,
1114 1711 1229 1747 scribit

258 1760 393 1793 Navtzr.
410 1761 441 1792 in
455 1770 541 1794 man.
557 1760 679 1808 confeff.
694 1773 799 1807 ccl-17.
809 1760 872 1806 sub
884 1773 914 1795 n.
934 1773 988 1804 ²9·
1005 1763 1091 1808 vers
1110 1773 1226 1807 quarto

258 1808 401 1855 quando.

316 1855 475 1890 Extende
496 1857 603 1902 primo
633 1866 812 1903 utramque
843 1856 1094 1892 conclufionem
1112 1883 1122 1897 ,
1160 1865 1226 1891 tam

257 1904 376 1951 primae·
389 1931 397 1944 ,
420 1916 521 1951 quam
546 1903 705 1940 secundae
722 1904 932 1951 inspefflionis
948 1931 955 1944 ,
975 1917 1011 1939 ut
1025 1905 1224 1952 procedant,

258 1953 356 1987 etiam
373 1953 394 1986 si
411 1952 471 1986 sint
484 1952 602 1986 diversi
619 1953 701 1993 sori,
722 1963 759 1987 ut
776 1964 868 1999 patet
886 1966 926 1989 ex
943 1953 965 1986 1.
984 1955 1044 1987 uli.
1062 1966 1132 1987 cum
1156 1958 1226 2001 qui-

257 2001 347 2036 dam.
366 2003 400 2035 C.
415 2000 457 2034 de
473 2002 594 2035 condit.
619 2004 713 2048 inser.
728 2001 762 2036 (sy
786 2002 808 2035 l.
828 2013 880 2034 20.
896 2003 937 2047 ff.
954 2002 996 2034 de
1011 2013 1097 2055 oper.
1115 2002 1225 2036 libert.

255 2052 289 2084 ὅ(
308 2059 400 2095 patet
417 2060 456 2082 ex
475 2048 546 2083 dec.
566 2052 784 2095 citatasupra
801 2062 830 2083 n,
849 2061 926 2093 ²²9·
955 2051 1097 2096 confirm.
1122 2063 1148 2086 i.

306 2096 490 2146 Quicquid
508 2096 675 2144 scripserit
692 2097 898 2143 simpliciter,
914 2097 1065 2145 ideoque
1084 2110 1149 2132 non
1167 2099 1223 2132 be-

257 2158 298 2181 ne
315 2148 409 2180 Bari.
425 2146 492 2179 inl.
505 2148 555 2180 18.
570 2150 647 2190 item
663 2147 738 2182 illa.
756 2157 841 2178 num.
859 2159 871 2179 ι
882 2157 911 2190 3.
929 2150 1018 2194 vers.
1032 2158 1135 2193 quaero
1149 2151 1225 2193 quia

248 2195 289 2240 ff.
309 2195 351 2229 de
366 2194 486 2234 constit.
500 2206 614 2242 perun.
631 2193 709 2234 ubi,
741 2194 966 2234 declarando,
994 2193 1092 2241 quod
1114 2194 1225 2228 credi-

254 2253 332 2284 tor,
363 2242 397 2276 &
418 2241 554 2277 debitor
573 2242 712 2289 poliunt
732 2240 918 2287 dupliciter
942 2243 1007 2277 effe
1027 2242 1149 2276 diverfi
1172 2241 1225 2277 fo-

254 2290 303 2334 ri·,
330 2291 440 2337 primo
462 2302 583 2336 nempe
599 2291 631 2325 in
649 2289 762 2324 eadem
784 2290 938 2325 Civitate
951 2316 962 2332 ,
997 2291 1028 2324 in
1046 2302 1114 2337 qua
1130 2301 1224 2325 uter-

254 2350 324 2386 que
343 2338 524 2382 liabitaret3
547 2338 743 2373 secundom
761 2337 876 2372 eadem
893 2338 1072 2373 Provincia
1087 2335 1147 2372 sub
1163 2351 1223 2373 eo-

253 2390 332 2422 dem
354 2386 524 2431 Praefide3
555 2386 691 2427 scribit,
718 2386 814 2435 quod
838 2385 976 2421 debitor
1003 2399 1071 2421 non
1091 2398 1224 2423 tenetur

253 2435 301 2469 ire
324 2435 366 2469 ad
390 2436 529 2470 domum
558 2435 738 2470 creditoris
755 2461 764 2475 ,
794 2433 855 2481 qui
885 2435 930 2467 est
953 2434 1074 2470 diverli
1101 2435 1165 2470 sori
1187 2436 1220 2470 in

252 2482 450 2524 Provincia,
482 2483 537 2517 sed
555 2483 660 2518 solum
683 2483 726 2517 ad
751 2482 979 2523 creditorem,
1013 2483 1073 2530 qui
1099 2483 1145 2517 est
1171 2483 1222 2518 di-

253 2531 336 2566 verfi
358 2529 421 2565 fori
442 2532 473 2565 in
496 2533 612 2567 endem
637 2531 802 2566 Civitate.

300 2578 459 2614 Extende
477 2579 646 2618 secundo,
664 2590 701 2614 ut
723 2578 905 2627 procedat,
923 2580 1023 2614 etiam
1041 2579 1062 2613 si
1078 2580 1220 2622 labores,

166 2624 230 2660 ²33
253 2626 460 2673 &impensae
478 2630 716 2674 requirantur3
742 2639 847 2675 quare
865 2627 1018 2668 debitor,
1039 2628 1153 2675 quiad
1173 2629 1221 2663 lu-

253 2687 347 2709 cruni
363 2687 402 2709 ac
432 2675 610 2710 uirendum
638 2686 772 2711 tenetur
796 2675 925 2722 aliquid
953 2675 1104 2717 solvere,
1128 2689 1166 2711 ut
1189 2677 1222 2711 in

252 2723 355 2770 prima
371 2687 572 2769 iniipestione
584 2751 593 2764 ,
618 2724 724 2770 posita
749 2724 919 2771 fiiprasub
940 2737 972 2759 n.
989 2737 1067 2759 220.
1087 2726 1122 2762 ό
1140 2738 1220 2762 331,

252 2772 288 2806 ὅ(
305 2771 375 2818 qui,
394 2771 492 2818 quod
507 2772 562 2806 sibi
581 2784 620 2806 ex
637 2784 724 2807 mera
738 2772 936 2807 liberalitate
959 2771 1117 2815 debetur,
1148 2774 1220 2809 vult

252 2819 416 2868 consequi
429 2845 438 2858 .
463 2830 501 2855 ut
517 2821 549 2854 iii
565 2821 711 2854 secunda
729 2819 955 2866 inspeifkione,
973 2823 1080 2868 supra
1094 2834 1124 2856 n.
1138 2823 1219 2856 228.

253 2878 414 2903 tenentur
430 2866 494 2902 suis
516 2867 706 2915 sumptibus
723 2895 733 2910 ,
761 2869 794 2902 ὅ(
816 2867 967 2915 impenfis
996 2881 1150 2915 portare,
1185 2871 1220 2905 &

251 2915 430 2963 consequi.

301 2964 446 3000 Declara
462 2964 570 3010 primo
597 2962 735 2998 eandem
757 2963 1009 2999 conclusionem
1043 2963 1148 3009 hujus
1173 2965 1222 3000 se—

253 3013 377 3047 cundae
395 3011 606 3058 inspeffionis
617 3039 627 3051 .
659 3023 696 3047 ut
712 3012 896 3058 procedat,
920 3012 942 3046 fi
957 3023 1078 3058 agatur
1091 3013 1222 3049 afflone

251 3060 438 3107 personali;
454 3061 546 3094 secus
562 3060 584 3094 si
601 3071 721 3107 agatur
736 3060 868 3094 actione
885 3061 974 3102 reali,
989 3070 1058 3106 qua
1076 3062 1132 3107 agi
1143 3062 1220 3108 pos-

251 3109 302 3151 fit;
319 3108 400 3156 quia
416 3118 500 3142 tunc
514 3108 571 3141 ubi
587 3121 638 3142 res
651 3109 709 3147 eli,
727 3108 772 3142 ibi
787 3108 854 3154 peti
872 3109 985 3149 debet,
1004 3109 1038 3143 &
1058 3108 1080 3141 si
1098 3110 1135 3144 lit
1147 3122 1219 3144 mo-

251 3157 338 3196 bilis,
356 3156 410 3202 agi
426 3156 553 3202 poterit
566 3157 607 3190 ad
624 3157 849 3191 exhibendum
861 3184 869 3198 ‚
888 3170 922 3192 ut
938 3161 971 3191 in
985 3158 1020 3191 d.
1034 3157 1117 3202 l.38.
1135 3159 1220 3205 quod

250 3204 443 3254 legaturff.
466 3204 507 3237 de
519 3205 627 3247 judic.

302 3253 448 3288 Declara
467 3250 637 3292 secundo,
668 3262 707 3286 tit
732 3264 799 3286 non
829 3252 994 3298 procedat
1015 3252 1047 3287 in
1069 3253 1189 3287 debito
1207 3280 1217 3294 ,

162 3290 229 3326 ²35
252 3299 306 3334 seu
331 3301 445 3345 legato
476 3310 581 3334 certae
606 3299 727 3347 speciei
756 3327 765 3339 ,
801 3298 1012 3346 designatae;
1045 3313 1081 3336 ut
1107 3311 1188 3347 puta
1205 3327 1215 3342 ,

251 3359 386 3382 centum
406 3347 595 3382 modiorum
615 3361 652 3382 ex
673 3347 731 3382 illo
750 3348 894 3388 horreo,
921 3359 979 3383 aut
998 3349 1063 3384 vini
1079 3349 1218 3395 ampho-

251 3408 300 3429 ras
322 3408 361 3430 ex
383 3394 440 3428 illu
466 3396 588 3439 dolio·‚
605 3396 685 3444 quia
706 3407 789 3430 tunc
803 3396 860 3429 ubi
877 3396 950 3430 sunt
964 3423 972 3437 ‚
993 3397 1039 3432 ibi
1056 3397 1142 3432 solvi
1158 3397 1218 3431 de-

251 3444 351 3480 bent,
378 3443 412 3476 d·
434 3443 554 3488 Lquod
573 3445 714 3493 legatur.
740 3446 775 3480 (9'
799 3444 845 3478 ibi
870 3444 923 3478 Gl.
953 3445 987 3481 (ς’
1011 3445 1113 3480 Alex.
1142 3449 1174 3478 in
1192 3446 1217 3478 l.

251 3493 374 3526 vinum.
389 3499 450 3524 not.
472 3492 503 3523 6.
518 3505 602 3525 num.
622 3505 654 3537 7.
669 3492 711 3537 ff.
719 3491 749 3537 fi
762 3503 840 3526 ceri.
858 3502 923 3539 pet.
948 3491 1083 3534 dicens,
1117 3492 1216 3541 quod

250 3539 274 3572 fi
297 3537 462 3584 promitto
485 3536 562 3572 dare
583 3538 646 3573 tibi
667 3541 783 3575 decem
803 3539 981 3586 amphoras
1000 3540 1067 3574 vini
1095 3539 1139 3574 de
1155 3539 1219 3574 Vi-

251 3585 383 3624 centii,
423 3594 540 3619 teneor
574 3585 656 3622 illul
685 3587 745 3622 tibi
775 3586 854 3621 dare
887 3587 1058 3623 Vicentiae
1087 3589 1165 3622 item
1194 3587 1220 3621 fi

250 3634 375 3669 Romae
396 3631 496 3667 luerit
520 3634 694 3668 venditum
724 3635 835 3669 vinum
854 3635 898 3669 de
917 3633 1133 3676 Brundufio,
1159 3634 1216 3671 de-

249 3679 411 3729 beqdari⁸
421 3679 619 3723 Brundusii,
644 3693 725 3729 quia
741 3695 807 3717 non
832 3683 864 3717 in
885 3694 1009 3730 genere
1026 3682 1215 3730 simpliciter

170 1874 234 1907 23·

170 2109 236 2144 232

162 3000 234 3034 ²34

589 171 946 256 sigismundi
984 176 1224 236 Scacciae
1264 176 1460 236 Tratst.
1507 176 1582 236 de
1619 179 1914 238 Commer.

1274 270 1388 304 vinum
1413 271 1572 317 promifi3
1594 272 1628 306 ὅ(
1647 283 1687 305 ex
1715 271 1815 305 Alex.
1831 281 1949 306 contra
1970 269 2119 306 Decium
2129 269 2237 318 sequi-

1272 327 1329 352 tur
1345 318 1442 352 latius
1461 321 1514 356 Jo.
1528 322 1610 353 Ant.
1628 319 1709 355 Rub.
1723 322 1754 353 in
1764 320 1842 353 ead.
1855 319 1879 354 l.
1894 321 2018 354 vinum.
2029 326 2147 363 n.i⁴40.
2161 330 2232 362 ¹4²⁶
2320 335 2321 370 t

1277 367 1312 402 &⁹
1329 367 1423 414 seqq.
1438 369 1526 400 inter
1540 369 1647 415 Repet.
1664 378 1739 401 tom.
1750 379 1780 402 2.
1792 367 1860 414 fol.
1876 379 1935 411 90.
2320 375 2321 378 ’

1311 413 1472 448 Extende
1489 415 1575 450 lianc
1596 414 1860 450 declarationem
1872 442 1882 456 ‚
1902 424 1941 448 ut
1954 413 2124 460 procedat
2136 412 2235 449 etiam

1270 459 1303 494 in
1327 463 1475 496 terminis
1499 462 1669 509 sequentis
1694 463 1805 497 tertiae
1831 462 2067 509 inspekhonis,
2097 473 2237 508 nempe,

1270 509 1411 556 quando
1442 509 1596 546 debitum
1625 510 1784 557 procedit
1819 523 1888 545 non
1918 510 1938 545 ὲ
1965 510 2062 545 causa
2087 508 2236 558 gratiosa

1271 559 1306 592 &
1339 569 1379 592 ex
1409 557 1609 594 liberalitate
1622 585 1631 597 ,
1668 557 1724 592 sed
1755 559 1774 593 a
1797 557 1893 593 causa
1924 558 2065 593 onerosa
2082 585 2092 599 ,
2131 569 2239 606 quare

1269 605 1368 652 quod
1395 605 1538 641 dicimus
1563 607 1596 641 in
1627 605 1792 654 legatario
1808 632 1818 647 ,
1855 607 1958 641 habet
1989 606 2103 643 locum
2135 606 2236 640 eiiam

1267 651 1299 686 in
1324 664 1478 700 emptore
1493 680 1503 695 ‚
1535 659 1586 692 Jo.
1601 657 1684 689 Ant,
1700 654 1780 688 Rub.
1791 655 1856 701 sub
1868 655 1903 690 d.
1917 667 1949 688 n.
1973 667 2051 698 ¹4²·
2080 653 2232 704 ideoque

1268 702 1302 735 ὅ(
1327 701 1360 735 in
1387 701 1453 748 ipsa
1474 701 1703 739 declaratione
1721 702 1832 738 locuti
1845 701 1957 739 sumus
1980 701 2170 750 promiscue
2190 702 2235 737 de

1268 749 1406 790 debito,
1435 751 1469 785 ὅ(
1493 752 1622 798 legato.

1317 797 1438 832 Tertia
1465 797 1624 844 inspeftio
1643 798 1710 840 est,
1740 799 1882 845 quando
1901 798 2054 834 debitum
2072 797 2235 846 'procedit
2256 801 2320 847 336

1267 845 1285 880 ὲ
1315 845 1411 880 causa
1428 858 1517 881 mere
1536 847 1697 886 onerosa,
1726 846 1901 882 hincinde
1923 847 2147 895 obligatoria,
2169 847 2237 882 fine
2281 874 2289 879 .

1268 894 1334 929 ulla
1367 893 1590 931 liberalitate:
1632 897 1666 932 ὅς
1685 895 1718 929 in
1743 896 1808 930 liac
1829 895 2037 944 inspeetione
2059 894 2234 943 distinguo

1268 943 1343 977 duo
1366 944 1526 978 membra.

1318 989 1466 1025 Primum
1499 991 1681 1028 membrum
1701 991 1770 1031 est,
1806 990 1947 1039 quando
1975 991 2127 1028 creditor
2146 1019 2157 1035 ,
2199 992 2236 1026 ἃς

1267 1039 1403 1074 debitor
1438 1038 1513 1075 sunt
1545 1040 1697 1087 ejusdem
1731 1039 1795 1075 sori
1822 1053 1830 1076 :
1869 1041 1903 1073 ἀ
1930 1040 1963 1074 in
1992 1041 2057 1075 isto
2081 1041 2232 1076 membro

1270 1087 1448 1123 concludo
1480 1097 1521 1122 ex
1544 1091 1661 1135 regula
1679 1117 1690 1132 ,
1723 1088 1821 1138 quod
1847 1088 1984 1124 debitor
2007 1088 2110 1124 debet
2135 1099 2236 1123 acce-

1270 1136 1350 1170 dere
1374 1135 1417 1170 ad
1440 1135 1578 1171 domum
1603 1137 1784 1173 creditoris
1803 1163 1814 1178 ,
1852 1137 1885 1171 &
1915 1136 1983 1172 illic
2012 1136 2164 1177 solvere,
2199 1137 2235 1171 dc

1271 1183 1317 1218 ita
1336 1183 1507 1230 possumus
1530 1185 1721 1234 intelligere
1740 1184 1867 1220 dictum
1892 1184 2087 1221 lniiocentii
2110 1189 2143 1219 in
2153 1198 2182 1220 c.
2197 1197 2231 1231 7.

1269 1231 1478 1281 significante.
1498 1244 1600 1279 quem
1627 1234 1815 1282 sequuntur
1840 1233 1886 1267 ibi
1912 1235 1993 1267 Am.
2020 1232 2062 1267 de
2086 1235 2179 1268 Butr.
2201 1245 2234 1279 q.

1274 1293 1303 1326 3.
1316 1292 1402 1314 num.
1420 1293 1472 1315 12.
1486 1282 1528 1314 de
1543 1285 1631 1330 pign.
1658 1285 1692 1319 (5
1708 1283 1784 1316 Bal.
1805 1285 1837 1315 in
1855 1282 1880 1315 l.
1904 1292 1955 1324 ¹9·
1971 1287 2152 1328 acceptam.
2167 1281 2235 1327 sub

1271 1341 1357 1362 num.
1375 1341 1430 1374 ²3·
1445 1331 1532 1376 vers}
1544 1331 1610 1378 sed
1623 1332 1778 1379 nunquid.
1797 1332 1832 1366 C.
1847 1330 1889 1363 de
1903 1331 1989 1376 ufiir.
2011 1331 2092 1364 dum
2105 1329 2235 1369 scribit,

1272 1375 1370 1423 quod
1397 1377 1597 1425 quicunque
1619 1378 1750 1426 aliquid
1772 1377 1873 1411 alicui
1897 1378 2020 1416 debet.
2042 1390 2110 1412 non
2132 1378 2235 1413 debet

1272 1425 1447 1470 expestare
1469 1451 1478 1464 ,
1511 1426 1609 1473 quod
1642 1428 1690 1467 is,
1724 1426 1780 1460 cui
1813 1426 1979 1466 debetur,
2009 1425 2092 1459 illud
2114 1437 2235 1472 petat,

1273 1473 1329 1507 sed
1351 1473 1487 1508 debitor
1506 1475 1608 1509 debet
1632 1475 1680 1509 ire
1699 1476 1741 1509 ad
1764 1475 1878 1508 locum
1893 1499 1902 1514 ‚
1931 1475 1988 1507 ubi
2011 1473 2162 1508 creditor
2178 1474 2234 1508 ha-

1275 1523 1332 1556 bet
1359 1521 1592 1563 domicilium,
1621 1524 1714 1558 &ibi
1735 1523 1779 1557 illi
1802 1521 1924 1557 offerre
1941 1548 1950 1562 ,
1977 1523 2029 1563 &‚
2055 1521 2078 1556 li
2101 1533 2168 1556 non
2190 1521 2236 1556 est

1272 1569 1334 1610 ibi,
1355 1581 1468 1603 coram
1487 1570 1606 1616 judice
1620 1572 1686 1606 loci
1704 1571 1928 1618 protestetur,
1946 1571 1978 1603 &
1993 1569 2120 1604 dietum
2135 1568 2237 1605 Glos-

1270 1617 1314 1652 sae
1340 1621 1372 1651 in
1390 1618 1413 1651 l.
1432 1619 1483 1653 18.
1501 1621 1577 1653 item
1596 1621 1670 1654 illa.
1691 1624 1725 1654 in
1746 1619 1847 1653 verbo
1861 1644 1871 1657 ,
1893 1630 1952 1651 non
1964 1620 2070 1652 venit.
2091 1618 2235 1654 Barioli.

1271 1678 1301 1700 n.
1320 1678 1354 1710 9.
1376 1678 1429 1701 12.
1445 1678 1505 1700 ver
1522 1692 1530 1700 .
1547 1680 1650 1715 quaero
1667 1668 1823 1703 creditor.
1842 1666 1952 1712 &sub
1967 1678 1997 1699 n.
2018 1665 2118 1707 13⁴&
2137 1666 2238 1700 Pauli

1273 1714 1315 1747 de
1333 1715 1490 1761 Castr.fi‹
1528 1729 1558 1749 n.
1578 1729 1627 1750 12.
1645 1718 1687 1762 ff.
1704 1717 1745 1750 de
1771 1715 1891 1756 constit.
1911 1725 2024 1761 pecun.
2045 1714 2126 1747 dum
2149 1714 2238 1748 clare

1272 1761 1483 1809 loquuntur,
1504 1764 1602 1810 quod
1620 1764 1640 1797 li
1657 1765 1731 1798 sunt
1753 1761 1899 1812 eJusdem
1924 1760 1988 1796 fori
2001 1787 2011 1801 ,
2027 1761 2162 1797 debitor
2177 1760 2237 1796 de-

1271 1811 1327 1844 bet
1343 1811 1508 1845 accedere
1521 1811 1562 1845 ad
1585 1813 1723 1846 domum
1739 1810 1941 1853 creditoris;
1960 1811 1992 1843 ὅ(
2010 1808 2092 1844 facit
2111 1809 2152 1846 ad
2169 1811 2238 1846 lioc

1270 1858 1366 1905 quod
1383 1858 1490 1906 scripsi
1510 1863 1544 1894 in
1561 1873 1628 1894 meo
1645 1860 1793 1894 trust-de
1804 1859 1908 1902 judic.
1925 1853 2014 1904 causi
2026 1859 2050 1892 l.
2065 1871 2096 1891 3.
2113 1872 2142 1892 c.
2159 1871 2187 1903 3.
2201 1871 2233 1892 n.

1271 1919 1348 1951 324.
1368 1908 1404 1944 ᾤ’
1428 1919 1503 1953 325·
1520 1909 1554 1941 &
1573 1910 1650 1942 haec
1670 1907 1806 1944 videtur
1825 1917 2012 1940 communis
2029 1906 2171 1952 opini03
2194 1907 2237 1940 iic

1269 1966 1366 1988 etiam
1387 1955 1564 2000 intelligo,
1587 1956 1684 2004 quod
1706 1954 1818 1990 scribit
1837 1957 2010 1990 Jo.Azor.
2027 1953 2067 1989 dc
2082 1955 2238 1995 inllimo·

1267 2004 1455 2050 tal-par.3.
1475 2004 1594 2038 lib.10.
1607 2008 1657 2039 tit.
1667 2003 1709 2038 de
1722 2003 1833 2044 cenli'b.
1850 2013 1921 2049 cap.
1936 2014 1965 2047 q.
1978 2004 2141 2050 9.1.verJI
2156 2015 2238 2049 qua-

1269 2062 1321 2085 rer
1339 2055 1370 2084 in
1384 2053 1522 2086 debitor.
1531 2053 1592 2086 col.
1608 2053 1688 2097 830.
1704 2051 1834 2090 dicens,
1853 2050 1950 2098 quod
1966 2049 2102 2086 debitor
2117 2050 2236 2085 census

1269 2100 1371 2134 debet
1393 2100 1485 2133 adire
1499 2101 1638 2134 domum
1656 2099 1835 2134 creditoris
1853 2124 1863 2139 ,
1892 2109 1931 2132 ut
1949 2096 2068 2134 solvat.

1318 2148 1551 2183 confirmatur
1577 2150 1688 2194 primo
1717 2148 1794 2183 haec
1822 2145 1998 2181 conclusio
2015 2173 2025 2188 ,
2052 2145 2134 2194 quia
2160 2157 2234 2192 pro·

1270 2196 1405 2230 mittens
1423 2195 1553 2231 solvere
1568 2196 1687 2237 Titio,
1704 2195 1873 2242 promittit
1892 2195 2080 2242 virtualiter
2094 2220 2104 2233 ‚
2133 2195 2166 2229 ὃ(
2187 2205 2236 2230 ta-

1270 2245 1339 2278 cite
1358 2255 1456 2280 certo
1468 2271 1477 2284 ,
1508 2245 1542 2279 &
1558 2245 1750 2292 designato,
1773 2254 1894 2289 nempe
1908 2269 1917 2284 ,
1935 2243 1995 2290 qui
2019 2243 2065 2277 est
2079 2241 2170 2275 filius
2186 2253 2236 2278 ta-

1269 2293 1331 2334 lis,
1359 2294 1392 2326 &
1410 2293 1540 2328 habitat
1559 2303 1715 2339 tempore
1736 2291 1957 2338 promissionis
1984 2291 2014 2324 in
2045 2291 2103 2326 tali
2124 2291 2206 2326 irco
2223 2317 2234 2332 ,

1268 2341 1300 2374 in
1326 2341 1382 2376 tali
1403 2340 1529 2375 domo:
1548 2352 1654 2389 ergo,
1682 2352 1721 2375 ut
1735 2339 1912 2375 satisfaciat
1928 2339 1999 2374 suae
2016 2338 2235 2387 promissioni,

1266 2389 1368 2424 debet
1387 2388 1515 2424 solvere
1538 2387 1583 2423 illi
1611 2388 1709 2423 Titio
1725 2388 1759 2423 in
1775 2387 1829 2424 illa
1854 2387 1984 2431 domo3
2008 2399 2080 2422 nam
2111 2387 2145 2421 δε
2173 2388 2236 2434 qui

1267 2437 1455 2484 promittit,
1486 2437 1542 2472 seu
1560 2437 1651 2484 legat
1671 2437 1784 2471 vinum
1804 2447 1843 2470 ex
1864 2437 1919 2469 tali
1942 2435 2039 2471 dolio
2055 2461 2066 2476 ,
2090 2435 2145 2469 vel
2163 2433 2236 2469 fru-

1267 2496 1416 2521 mentum
1441 2497 1482 2520 ex
1500 2485 1557 2520 tali
1579 2485 1724 2527 horreo,
1753 2485 1798 2519 ibi
1813 2483 1938 2519 solutio
1952 2482 2024 2519 fieri
2039 2485 2166 2525 debet,
2197 2492 2238 2519 ut

1264 2532 1402 2569 secutus
1425 2533 1520 2581 supra
1532 2534 1610 2582 sum
1627 2545 1660 2568 n.
1677 2544 1759 2579 ²35·
1774 2532 1861 2567 decl.
1876 2545 1908 2567 2.

1316 2581 1548 2616 Confirmatur
1563 2581 1736 2624 secundo·,
1760 2580 1841 2628 quia
1853 2593 1914 2616 nos
1928 2578 2156 2627 supponimus,
2168 2578 2230 2615 de·
2250 2588 2315 2636 ²3⁸

1266 2630 1410 2665 bitorem
1429 2630 1533 2665 teneri
1554 2641 1593 2663 ex
1613 2629 1721 2668 causa,
1740 2630 1819 2664 hinc
1842 2629 1921 2663 inde
1939 2628 2157 2676 acquisitoria
2172 2654 2181 2671 ,
2199 2628 2235 2664 Bc

1268 2678 1325 2712 sibi
1341 2677 1540 2713 satisfactum
1556 2677 1640 2713 ess'e:
1661 2689 1744 2723 ergo
1760 2677 1848 2712 nulla
1860 2677 1947 2712 ratio
1960 2676 2098 2711 suadere
2111 2676 2235 2722 potest,

1268 2737 1307 2760 ut
1326 2726 1394 2773 ipse
1410 2725 1509 2773 poffit
1530 2738 1600 2760 non
1629 2719 1757 2760 solvere
1779 2726 1810 2759 in
1830 2723 2004 2760 domicilio
2026 2723 2207 2759 creditoris
2223 2750 2234 2766 ,

1266 2776 1406 2810 maxime
1439 2786 1517 2810 cum
1541 2785 1609 2808 non
1640 2784 1761 2820 agatur
1789 2774 1833 2809 de
1859 2784 1978 2820 magna
2008 2771 2235 2808 incommodi-

1263 2832 1345 2857 tate.

1314 2871 1392 2906 Nec
1420 2871 1555 2919 placent
1581 2869 1613 2904 in
1638 2868 1765 2916 puncto
1789 2868 1872 2916 juris
1897 2868 2130 2908 limitationes,
2148 2881 2231 2916 quae
2251 2888 2319 2925 ²39

1267 2930 1386 2954 contra
1411 2920 1498 2955 lianc
1512 2918 1762 2954 conclusionem
1781 2916 1898 2964 colligi
1915 2916 2047 2964 possunt
2067 2928 2107 2951 ex
2121 2917 2230 2953 confi-

1265 2966 1496 3003 derationibus
1510 2994 1520 3008 ,
1550 2978 1636 3015 quas
1656 2965 1744 3000 circa
1765 2965 1981 3012 personarum
2010 2965 2207 3012 qualitatem
2220 2992 2232 3008 ,

1264 3015 1398 3062 aliaque
1421 3015 1502 3051 facit
1527 3016 1624 3050 Bart.
1644 3017 1677 3048 in
1691 3013 1727 3048 d.
1746 3013 1772 3047 1.
1789 3017 1867 3048 item
1886 3013 1962 3047 illa.
1974 3013 2042 3062 sub
2061 3026 2147 3049 num.
2178 3025 2231 3060 ¹3·

1263 3063 1346 3111 quia
1374 3064 1528 3109 personae
1562 3060 1712 3109 egregiae
1731 3087 1740 3103 ‚
1776 3061 1811 3096 &
1838 3072 1970 3107 magnae
1995 3061 2229 3104 auftoiitatis,

1264 3121 1350 3158 quas
1370 3111 1439 3157 ipse
1459 3111 1668 3149 considerat,
1705 3120 1775 3142 non
1803 3109 1932 3143 vadunt
1950 3136 1959 3147 ,
1986 3108 2041 3144 sed
2063 3110 2205 3144 mittunt
2221 3135 2233 3151 ,

1266 3161 1300 3194 ὅ(
1325 3171 1489 3204 pauperes
1512 3157 1677 3194 sublevari
1696 3155 1821 3192 debent
1834 3183 1844 3198 ,
1869 3168 1913 3191 ne
1933 3157 1974 3191 ab
1993 3158 2126 3203 operis,
2157 3157 2234 3205 qui-

1267 3208 1332 3242 bus
1349 3207 1473 3242 vit‘lum
1496 3216 1683 3254 quaerunt,
1706 3214 1917 3245 evocentur,
1942 3205 1978 3242 ά
1998 3205 2021 3242 l.
2039 3207 2093 3239 26.
2111 3205 2135 3246 [ἱ
2160 3218 2235 3240 cum

1268 3256 1353 3289 dies.
1368 3258 1400 3302 ξ.
1417 3257 1440 3297 fi
1451 3256 1589 3290 arbiter.
1605 3255 1693 3301 veifi
1707 3253 1788 3302 quid
1806 3265 1892 3302 ergo.
1913 3253 1950 3298 ff.
1977 3254 2019 3288 de
2036 3264 2142 3300 recep.
2158 3253 2232 3288 arb.

1269 3303 1366 3350 quod
1384 3304 1467 3339 citat
1482 3330 1492 3344 ,
1520 3315 1589 3337 non
1605 3304 1691 3337 bene
1708 3300 1909 3348 applicatur.

1316 3352 1492 3387 Caeteriim
1515 3351 1560 3385 de
1578 3349 1665 3386 fasto
1682 3348 1759 3383 haec
1785 3348 1960 3384 conclusio
1985 3361 2054 3383 non
2072 3348 2235 3390 servatur,
2252 3365 2318 3397 ²40

1268 3411 1349 3445 quia
1363 3399 1402 3434 fit
1418 3410 1531 3434 totum
1548 3396 1744 3446 oppositum
1758 3408 1771 3439 3
1790 3408 1864 3431 nam
1877 3396 2028 3432 creditor
2043 3395 2178 3431 accedit
2193 3397 2237 3432 ad

1268 3449 1409 3481 domum
1427 3447 1592 3483 debitoris
1605 3472 1614 3487 ,
1642 3445 1676 3480 &
1701 3444 1824 3481 utinam
1841 3443 1916 3491 post
1936 3445 2060 3479 multas
2081 3444 2237 3479 acceffio-

1269 3506 1348 3534 ties,
1381 3495 1517 3530 debitor
1535 3494 1702 3535 solveret,
1731 3491 1912 3538 praesertim
1933 3492 2073 3538 quando
2101 3490 2238 3527 debitor

1269 3541 1314 3575 est
1340 3543 1495 3590 dignior,
1523 3554 1562 3576 ut
1581 3541 1658 3575 sunt
1682 3540 1734 3575 issi
1755 3539 1899 3580 domini,
1920 3540 1981 3587 qui
2003 3540 2078 3574 sunt
2102 3538 2239 3574 debito-

1268 3601 1319 3622 res
1342 3601 1525 3635 pauperum
1553 3588 1733 3623 artificum.

1307 3638 1454 3672 Retenta
1466 3636 1646 3672 conclusioi
1661 3646 1681 3670 e
1695 3637 1722 3670 in
1736 3634 1862 3682 pinsto
1878 3634 1978 3678 juris:
1991 3633 2137 3670 Declara
2150 3649 2232 3676 eam,
2251 3649 2312 3682 24¹

1271 3693 1311 3720 ut
1327 3685 1492 3731 procedat
1503 3683 1668 3733 in·debito
1679 3682 1848 3730 pecuniae,
1859 3681 1914 3715 seu
1922 3681 2061 3716 ahc-rius
2074 3685 2232 3766 rediequam

2140 3731 2231 3766 bitor

2254 2164 2320 2199 ²37
