2400 3939
307 196 357 258 ς.
388 188 487 247 ΙΧ.
519 175 718 255 Const.
739 181 885 251 sixti
907 187 986 252 V.
1009 185 1133 275 su'p.
1157 189 1336 254 ere'cst.
1357 180 1565 251 ιΜὀἰιὲζ
1580 193 1754 256 Pacis.

131 283 172 306 ne
186 269 405 317 persolvenda
422 270 455 305 in
477 270 583 307 forma
598 271 700 306 dietae
713 282 908 311 camerae,ac
919 272 990 304 aliis
1000 281 1048 305 ar-

131 319 191 354 &is
209 319 458 366 obligationum
476 318 621 354 vinculis
637 318 669 353 se
685 317 838 364 obligare
857 328 1046 358 teneantur,

131 366 322 408 statuimus,
351 364 489 415 illisque
509 366 543 402 id
558 364 704 413 expresse
718 367 941 413 iniungimus.
969 365 1050 400 Nec

129 425 196 449 non
222 423 293 448 eam
319 412 497 455 summam,
536 426 615 462 quae
638 424 679 447 ex
703 413 799 448 dietis
825 413 1049 461 quadraginta

129 461 283 509 quinque
305 460 448 496 millibus
471 462 555 497 nulli
582 460 695 496 adhuc
716 461 896 508 obligatis,
923 472 1050 507 praeter

129 509 350 556 quantitatem
366 508 561 556 quindecim
586 508 724 544 millium
746 509 1048 555 septingentorum,

129 558 164 591 δι
177 557 422 604 quinquaginta
434 557 514 592 huic
530 556 646 592 Menti
660 555 845 603 assignatam
864 558 983 590 nemini
994 556 1048 591 ad-

128 603 223 645 }iuc,
250 613 290 638 ut
323 603 503 650 praefertur
525 604 765 645 constitutam,
792 615 906 651 neque
933 604 1048 638 distin-

128 651 212 687 etam
237 651 421 699 specialiter
439 653 673 699 praecaeteris
687 678 697 692 ,
723 664 786 687 nec
799 663 870 687 non
889 651 997 686 omnia
1015 653 1048 686 δε

131 699 258 746 singula
275 699 422 746 ejusdem
443 711 585 736 camerae
602 700 735 735 mobilia
752 703 785 735 Bt
804 700 996 741 immobilia,
1014 700 1048 734 δε

126 746 160 782 se
178 750 350 783 moventia
371 747 460 782 bona
473 775 483 790 ,
509 752 656 797 Juraque
674 758 726 783 res
739 749 771 782 <St
785 747 942 788 affiones,
961 759 1047 793 prae-

126 795 229 830 sentia
245 795 279 830 δι
293 795 405 831 futura
425 797 555 843 ubique
571 797 722 831 locorum
735 823 746 837 ‚
778 799 810 832 &
824 795 977 842 gentium
994 806 1047 829 ex-

126 842 256 878 istentia
269 868 279 884 ,
305 842 471 888 praedisto
487 844 623 884 Menti,
647 843 802 892 illiusque
822 842 969 890 personis
984 855 1046 889 pro

124 888 367 937 praemissorum
388 891 536 927 omniurn
554 892 789 927 observatione
808 890 988 926 insolidum
1006 901 1046 924 ac

123 939 325 985 generaliter
342 940 543 986 obligamus,
557 951 663 988 atque
683 940 966 987 hypothecamus.
988 939 1046 973 Ac

122 987 166 1021 ad
183 987 446 1022 conservandum
464 988 600 1022 eosdem
623 988 793 1022 indemnes
816 987 942 1032 semper
954 997 1046 1021 tene-

123 1034 150 1068 ri
162 1059 173 1076 ‚
199 1045 240 1078 ac
253 1034 404 1083 eJ'usdem
417 1046 558 1070 camerae
573 1035 749 1076 ministros,
775 1045 879 1082 atque
893 1045 1042 1079 agentes,

122 1082 167 1117 ad
190 1082 402 1118 eximendum
419 1083 452 1118 in
475 1084 668 1129 praediffis,
696 1082 849 1130 personas
870 1081 1046 1128 praediftas

120 1130 163 1164 ab
183 1130 275 1165 omni
290 1131 440 1165 molestia
454 1131 623 1178 obligatos
644 1130 709 1166 esse
725 1131 891 1166 volumus.

171 1178 219 1214 Et
233 1178 364 1225 insuper
378 1179 599 1214 concedimus
610 1205 619 1220 ,
647 1188 685 1214 ut
705 1178 908 1226 quicunque
921 1177 1043 1223 praedi-

121 1225 274 1267 storum,
303 1225 370 1260 five
388 1239 426 1264 ex
446 1226 635 1273 praediffls,
663 1227 730 1261 sive
746 1227 827 1265 aliis,
857 1229 888 1261 ὅ(
906 1225 1042 1272 quibus-

122 1284 263 1321 cunque
278 1273 454 1315 srufflbus,
468 1286 506 1310 ac
520 1274 719 1320 pecuniariis
731 1273 882 1308 confes&
899 1274 976 1307 loca
995 1273 1044 1306 di-

122 1321 165 1355 eti
187 1322 311 1358 montis
332 1322 530 1363 habuerint,
558 1333 664 1369 atque
695 1322 958 1370 acquisiverint,
989 1321 1043 1354 illa

122 1377 283 1417 tanquam
307 1372 395 1405 bona
430 1371 671 1417 patrimonialia
691 1372 724 1404 &
754 1370 924 1415 prophana
952 1370 1042 1403 obti-

121 1427 240 1459 neant,
265 1419 299 1453 &
321 1419 354 1453 in
374 1418 421 1452 eis
443 1430 630 1465 eorumque
655 1418 826 1458 fructibus,
856 1419 889 1452 &
911 1418 1041 1450 emolu-

121 1465 241 1501 mentis
263 1465 407 1512 ipsorum
429 1465 499 1508 filii,
526 1467 560 1501 ὅς
581 1467 733 1501 haeredes
754 1476 933 1512 utriusque
948 1464 1041 1499 sexus

120 1515 322 1562 quicunque
334 1514 458 1549 fuerint
468 1540 478 1555 ,
508 1515 606 1549 eiiam
621 1513 800 1560 illegitimi,
813 1516 844 1548 ὃ(
862 1513 940 1546 alias
953 1519 1041 1560 quo-

119 1560 364 1610 modocunque
377 1562 536 1596 inhabiles
551 1589 560 1603 ,
589 1574 653 1597 tarn
669 1574 709 1596 ex
731 1561 926 1596 testamento
939 1572 1039 1608 quam

119 1611 163 1644 ab
183 1610 339 1646 intestato
355 1610 534 1646 succedere
549 1636 557 1651 ,
587 1609 689 1657 seque
713 1610 758 1643 eis
782 1610 874 1643 simul
893 1612 944 1642 vel
965 1609 1037 1642 i'uc-

64 1677 67 1682 ι
120 1657 252 1700 cessive,
279 1670 319 1694 ac
332 1658 628 1707 quotiescunque,
655 1658 721 1691 five
741 1657 934 1691 donationis
953 1657 1039 1690 inter

119 1705 239 1747 vivos,
270 1705 323 1740 vel
346 1705 443 1742 causa
465 1710 600 1748 mortis,
632 1705 698 1739 sive
724 1705 848 1751 legati,
874 1704 1037 1745 ceffionis,

112 1753 343 1797 'venditionis,
372 1754 439 1788 sive
461 1755 526 1788 alio
552 1765 766 1802 quocunque
788 1752 886 1788 titulo
901 1780 911 1794 ,
939 1753 1014 1799 jure
1031 1777 1040 1792 ,

117 1802 152 1836 ὅ(
177 1801 283 1837 modo
301 1829 311 1844 ,
337 1814 376 1836 ac
406 1802 504 1836 etiam
524 1801 660 1848 simplici
678 1801 836 1848 scriptura
864 1813 960 1834 manu
982 1800 1037 1834 sua

115 1847 257 1895 scripta,
289 1850 342 1886 vel
356 1849 556 1897 subscripta,
582 1849 747 1896 nullisque
769 1849 924 1884 adhibitis
951 1848 1036 1883 tesli-

116 1897 190 1934 bus.
220 1898 318 1933 etiam
333 1899 365 1932 in
379 1897 528 1932 favorem
548 1897 683 1932 suorum
710 1897 760 1932 vel
774 1898 914 1931 aliorum
932 1896 1034 1941 illegi-

114 1945 274 1981 timorum
296 1947 543 1993 prohibitorum
564 1947 597 1980 &
626 1946 856 1991 incapacium,
895 1946 992 1978 etiam
1015 1944 1036 1977 si

115 1993 170 2027 illa
190 1995 220 2027 in
234 1994 347 2040 plures
362 1994 569 2040 illegitimos,
594 1993 767 2039 incapaces
781 1995 813 2027 ὅ(
832 1993 1033 2038 prol.·.bitos,

115 2041 235 2076 ordine
248 2042 432 2077 succeffivo
445 2042 631 2077 transierint
644 2052 684 2075 ac
701 2041 778 2074 alias
795 2042 843 2076 uti
859 2042 987 2089 cuique
999 2041 1036 2074 li-

113 2089 225 2125 buerit
242 2089 434 2138 disponere.

105 2140 108 2142 ’
161 2137 261 2183 Quin
274 2140 370 2174 etiam
383 2140 460 2172 loca
470 2137 629 2186 praedi&a
643 2149 852 2186 quocunque
863 2138 965 2172 modo
976 2136 1036 2170 ob-

112 2185 258 2221 tinentes
270 2213 280 2228 ,
307 2187 328 2221 si
347 2187 401 2221 iila
418 2186 449 2220 in
472 2187 556 2221 alios
573 2188 694 2222 cedere
711 2197 770 2220 aut
784 2186 970 2225 transferre,
996 2195 1036 2218 ac

111 2233 211 2270 etiam
231 2234 291 2282 qui
311 2235 386 2270 loca
413 2235 605 2283 huJusmodi
627 2235 696 2269 aliis
718 2245 894 2282 acquirere
916 2234 1034 2268 volue-

110 2281 195 2323 rint,
224 2285 307 2319 tales
328 2283 361 2317 in
379 2282 572 2328 hujusmodi
591 2282 814 2322 cessionibus,
849 2281 1032 2315 transsatio-

109 2330 218 2372 nibus,
245 2332 298 2365 vel
316 2331 594 2378 acquifitionibus
610 2331 668 2366 sibi
681 2331 767 2377 ipsis,
783 2331 834 2364 vel
850 2329 921 2364 aliis
933 2329 1032 2363 etiarn

107 2379 226 2460 puoad
255 2379 400 2414 vixerint
430 2379 657 2413 omnimodam
677 2379 844 2413 <sistorum
877 2378 1030 2412 locorum

99 2429 104 2432 '
121 2437 153 2462 ic
169 2426 346 2467 celsorum,
364 2428 417 2461 vel
434 2427 674 2475 acquisitorum
699 2426 1028 2465 administrationem,

107 2485 299 2524 eorumque
320 2475 456 2515 frustus,
468 2477 500 2510 &
515 2477 818 2510 emolumentorum
839 2473 1027 2520 perceptio-

104 2533 202 2566 nem,
221 2535 293 2568 *nec
311 2534 378 2558 noti
399 2525 539 2571 plenam,
565 2524 698 2558 liberam
717 2525 750 2561 ὃς
765 2521 947 2556 absolutam
966 2532 1027 2566 po-

103 2570 258 2616 testatem
273 2571 327 2606 illa
344 2572 626 2620 quandocunque
637 2570 913 2610 voluerint,nulla
927 2570 1025 2604 eiiam

104 2616 295 2656 subsistente
315 2619 412 2655 causa
432 2621 473 2654 ad
491 2620 523 2654 se
545 2619 729 2665 recipiendi
743 2646 752 2659 ,
781 2622 813 2653 δ(
827 2615 1022 2658 revocandi,

102 2665 159 2700 seu
176 2666 242 2709 alii,
266 2667 320 2703 vel
334 2668 406 2703 aliis
423 2667 614 2708 vendendi,
640 2667 823 2707 alienandi,
851 2665 1019 2705 donandi,

101 2714 335 2764 relinquendi,
361 2715 546 2762 obligandi,
573 2716 606 2750 ὅ(
625 2714 837 2762 pignorandi,
864 2713 961 2758 super
974 2711 1021 2747 eis

45 2759 58 2772 ⁸
99 2763 303 2817 paciscendi,
321 2764 556 2804 contrahendi,
574 2765 606 2799 ὅ(
623 2762 757 2809 prorsus
775 2773 907 2797 omnem
923 2760 1017 2794 aliam

100 2809 246 2858 ipsorum
262 2810 530 2860 dispositionem,
558 2813 612 2858 jus
630 2812 663 2846 δε
689 2810 896 2850 facultatem,
923 2809 1018 2843 nullo

97 2858 325 2897 obtinentium
350 2859 508 2895 consensu
526 2859 669 2907 desuper
684 2858 858 2904 requisito,
884 2866 944 2891 aut
956 2857 1017 2889 alia

97 2907 308 2944 solemnitate
325 2907 472 2949 servata,
499 2920 540 2942 ac
564 2907 661 2942 etiam
679 2917 757 2940 cum
785 2904 1017 2952 prohibitione

97 2954 298 3003 hujusmodi
321 2955 616 2992 administrationis
634 2953 803 2988 fruetuum
821 2953 1015 3000 perceptio-

94 3002 157 3045 nis,
183 3003 351 3046 cessionis,
374 3003 588 3044 venditionis,
616 3003 852 3048 obligationis,
879 2998 1014 3047 fideJus-

94 3050 215 3092 sionis,
242 3063 299 3090 aut
315 3053 451 3087 alterius
468 3051 704 3098 cojuscunque
720 3049 942 3096 dispositionis
955 3058 1014 3094 per

93 3098 184 3147 ipsos
202 3100 394 3136 obtinentes
409 3099 574 3135 faciendae
588 3125 596 3138 ,
623 3109 685 3132 nec
701 3109 770 3132 non
789 3098 930 3132 decreto
944 3096 1013 3131 irri-

81 3147 180 3183 ⁴tanti
195 3147 342 3195 adjeflm,
371 3148 422 3183 his
439 3159 518 3195 quae
536 3146 630 3182 secus
647 3145 730 3181 fasta
746 3144 882 3186 fuerint,
893 3146 935 3179 ab
951 3144 1009 3179 eis-

93 3194 171 3230 dem
186 3195 360 3237 reservare,
374 3197 406 3231 ὅ(
422 3196 576 3230 obtinere
591 3195 706 3235 libere,
718 3194 855 3228 &licite
868 3193 1011 3233 valeant,

92 3243 185 3290 nulla
197 3243 258 3279 alia
272 3243 406 3279 licentia
421 3244 440 3278 a
458 3243 566 3283 nobis,
594 3243 647 3277 vel
663 3242 819 3278 Romano
831 3240 1010 3279 Pontifice,

89 3303 155 3341 pro
171 3302 325 3340 tempore
338 3292 499 3328 existente
512 3291 690 3337 impertita,
714 3289 771 3323 seu
787 3288 1012 3325 confirmatio·

76 3339 155 3382 ne,
182 3339 289 3376 aliave
305 3340 512 3376 solemnitate
525 3338 668 3385 desuper
682 3337 862 3385 requisita:
890 3336 945 3371 Ita
963 3346 1010 3371 ta-

91 3399 168 3423 men
182 3399 255 3438 quo
276 3387 440 3435 illegitimi
462 3387 495 3421 iti
510 3386 556 3420 eis
570 3387 653 3421 locis
668 3386 761 3421 nullo
774 3384 880 3420 modo
896 3385 1010 3419 succe-

93 3435 188 3480 dant,
214 3448 296 3485 quae
310 3437 354 3471 de
367 3436 548 3476 frutribus,
573 3435 628 3469 seu
649 3433 860 3481 pensionibus
872 3459 882 3475 ,
898 3432 1011 3467 aliisve

95 3485 195 3519 rebus
212 3483 439 3520 ecclesiasticis
452 3483 579 3518 fuerint
593 3492 796 3528 comparata.

141 3532 316 3569 Caeterum
333 3530 480 3579 expresse
488 3530 704 3578 prohibemus
714 3530 800 3565 nulla
811 3528 949 3564 omnino
961 3528 1008 3562 lo·

93 3590 134 3615 ca
143 3580 444 3627 praediftamullive
456 3590 571 3616 eorum
585 3577 760 3618 frustusn&
771 3578 1010 3616 emolumenta,

95 3628 196 3666 etiam
208 3629 305 3665 causa
315 3626 734 3675 rebellionis‚proditi0nis‚
746 3623 903 3667 affiffinii,
914 3624 1010 3664 sacri-

1898 211 2010 265 >501·

1097 275 1178 319 legii
1206 276 1294 309 iaet'ae
1323 274 1524 319 majestatis,
1553 285 1611 309 aut
1638 277 1778 311 aliorum
1808 275 1983 311 criminum
1996 299 2009 315 ,

1096 331 1400 368 quantumcunque
1411 323 1578 368 gravium,
1605 324 1638 358 &
1654 327 1841 360 enormium
1864 336 1922 370 per
1936 326 2012 359 loca

1095 367 1162 414 ipsa
1188 369 1398 411 obtinentes,
1426 381 1494 404 nori
1515 380 1626 405 tamen
1645 372 1677 406 in
1693 370 1865 416 personam
1880 371 2012 406 Roma-

1093 417 1125 450 ni
1142 416 1317 450 pontificis
1330 426 1386 452 aut
1400 415 1532 453 S.R.E.‘
1545 417 1733 454 Cardinalis
1748 418 2010 460 commissorum,

1096 463 1194 498 etiarn
1215 463 1497 507 conseffatorum,
1525 466 1558 500 &
1580 466 1800 512 probatorum
1824 466 2007 513 publicari,

1094 523 1157 545 nec
1169 512 1245 545 alias
1260 510 1360 547 Fisco
1374 512 1531 560 applicari
1545 539 1554 555 ,
1579 524 1638 548 aut
1654 515 1842 561 publicata,
1870 514 1924 553 vel
1941 511 2012 547 Fit-

1092 570 1136 593 co
1159 560 1325 604 applicata
1339 585 1348 601 ,
1379 560 1549 601 declarari,
1569 559 1623 596 seu
1638 558 1835 602 deliberari,
1864 571 1927 596 nec
1952 561 2012 597 sub

1092 606 1260 654 aliquibus
1273 634 1283 650 ,
1310 607 1377 641 five
1393 609 1602 655 generalibus
1615 635 1626 651 ,
1649 609 1716 643 sive
1729 610 1924 656 specialibus
1938 621 2014 644 om,

1091 656 1182 688 nium
1204 656 1372 691 bonorum
1387 681 1397 697 ,
1430 666 1538 690 rerum
1556 659 1589 692 &
1613 657 1738 706 jurium
1757 655 2012 692 confiscationi·

1091 702 1176 743 bus,
1205 703 1532 749 proscriptionibuS,
1559 715 1620 741 aut
1649 706 1721 740 aliis
1747 705 2011 752 adjudicationi-

1088 750 1152 784 bus
1175 761 1356 796 propterea
1374 751 1466 785 fastis
1490 752 1523 785 ἀ
1544 752 1690 787 decretis
1705 780 1713 794 ‚
1743 753 1798 786 seu
1815 754 1886 787 aliis
1910 753 2010 787 etiam'

1089 796 1162 843 ipso
1174 800 1267 843 jure,
1299 799 1350 835 vel
1367 799 1436 844 ipso
1453 799 1540 834 fabio
1557 800 1702 834 induetis
1719 801 2009 843 devolutionibus,

1089 845 1186 880 etiam
1206 845 1227 879 fi
1245 846 1404 880 sententia
1419 847 1588 892 capitalis,
1614 849 1647 882 &
1665 860 1753 883 mors
1777 847 1890 883 secuta
1905 847 2007 891 esset,

1089 893 1435 939 comprehendantur:
1450 894 1504 928 sed
1521 895 1644 942 semper
1655 897 1696 929 ab
1708 896 1770 930 illis
1785 905 1925 943 excepta
1934 896 2009 938 sint,

1088 942 1121 975 δε
1147 940 1211 975 esse
1227 939 1420 976 censeantur
1437 942 1550 989 eisque
1577 954 1646 978 non
1668 944 1875 978 obstantibus
1901 944 2010 978 delin-

1086 989 1262 1034 quentium
1277 988 1334 1023 filii
1352 990 1384 1023 &
1404 990 1559 1025 haeredes
1581 991 1615 1025 in
1636 990 1828 1043 hujusmodi
1845 993 1950 1032 locis,
1975 987 2010 1026 St

1085 1035 1266 1076 frustibus,
1279 1047 1318 1071 ut
1335 1036 1515 1082 praefertur
1530 1038 1730 1080 succedere,
1754 1040 1856 1074 &illa
1876 1039 1917 1073 ad
1945 1051 2009 1074 eos

1086 1085 1246 1119 devenire
1262 1085 1400 1119 omnino
1417 1085 1576 1126 debeant,
1590 1086 1644 1121 seu
1661 1087 1791 1133 ipsimet
1804 1087 2008 1134 delinquen-

1087 1143 1138 1167 tes
1153 1133 1197 1165 de
1210 1133 1323 1166 iisdem
1341 1133 1478 1168 omnino
1499 1134 1674 1181 disponere
1685 1135 1805 1181 possint
1818 1161 1828 1175 ,
1854 1146 1894 1169 ac
1913 1135 1934 1169 si
1950 1135 2008 1170 de·

1085 1180 1159 1213 sista
1174 1180 1367 1226 hujusmodi
1391 1192 1602 1229 nequaquam
1625 1181 1869 1219 commisissent.

1133 1229 1212 1262 Nec
1238 1240 1305 1262 non
1325 1227 1497 1265 statuimus
1515 1230 1639 1263 dierum
1659 1230 1817 1265 Montern
1830 1257 1840 1271 ,
1864 1231 1900 1265 &
1917 1230 2008 1267 illius

1084 1276 1262 1323 singulares
1290 1276 1460 1322 personas,
1495 1279 1650 1313 omnibus
1668 1281 1700 1313 ὃς
1719 1279 1854 1325 fingulis
1872 1279 2006 1325 privile-

1085 1325 1173 1370 giis,
1201 1323 1490 1369 exemptionibus,
1516 1326 1634 1373 gratiis
1652 1352 1662 1365 ,
1689 1326 1928 1368 facultatibus,
1955 1326 2006 1362 fa-

1087 1372 1238 1411 voribus,
1268 1373 1301 1405 <Sc
1317 1372 1468 1414 indultis,
1492 1374 1619 1421 quibus
1638 1373 1731 1414 fidei,
1745 1375 2005 1417 Alumeriarum‚

1084 1420 1116 1453 ὅ(
1139 1419 1329 1466 Religionis
1353 1419 1491 1455 Montes
1511 1423 1544 1456 in
1572 1422 1654 1457 urbe
1681 1421 1809 1467 pridem
1837 1423 2001 1465 instituti,

1083 1467 1344 1515 quibuscunque
1355 1468 1407 1502 illa
1429 1470 1490 1504 sint
1503 1480 1671 1515 concepta
1687 1469 1910 1511 formulis‚aut
1921 1482 2002 1505 con-

1083 1515 1325 1550 firmationibus
1341 1542 1349 1556 ‚
1374 1516 1698 1552 &innovationibus
1716 1519 1845 1560 vallata,
1869 1529 1909 1553 ac
1922 1530 2002 1565 quae

1083 1563 1104 1595 si
1119 1562 1162 1596 de
1179 1565 1282 1598 verbo
1297 1566 1336 1597 ad
1352 1566 1488 1599 verbum
1503 1564 1736 1608 insererentur,
1749 1567 1801 1600 his
1811 1567 1929 1601 litteris
1942 1567 2002 1600 ha-

1073 1612 1159 1645 'bere
1177 1613 1334 1646 volumus
1360 1624 1422 1658 pro
1447 1612 1614 1658 expressis.

1132 1659 1272 1702 Quibus
1291 1660 1473 1695 eorundem
1485 1661 1660 1696 Montium
1683 1660 1840 1709 descripti
1852 1663 2003 1699 credito-

1080 1718 1129 1739 res
1144 1718 1297 1748 utuntur,
1316 1708 1549 1753 potiuntur,&
1563 1710 1724 1754 gaudent,
1753 1721 1792 1743 ac
1808 1712 2002 1757 quomodo-

1081 1765 1217 1802 cunque
1235 1755 1266 1789 in
1285 1755 1432 1791 futurum
1452 1766 1602 1797 utentur,
1626 1758 1659 1791 ὅ(
1674 1758 1888 1804 gaudebunt,
1901 1759 2002 1795 etiam

1079 1802 1102 1835 si
1119 1814 1232 1837 noram
1250 1803 1354 1849 magis
1375 1803 1547 1850 specialem
1566 1803 1786 1851 requirerent,
1799 1810 1899 1852 quarn
1912 1818 2001 1853 prae-

1079 1849 1224 1885 sentibus
1246 1850 1283 1886 sit
1305 1850 1448 1897 expressa
1466 1852 1527 1893 uti,
1543 1852 1657 1899 potiri,
1673 1853 1707 1887 &
1722 1854 1873 1899 gaudere
1889 1855 1994 1901 posse.

1079 1899 1136 1931 Ae
1152 1898 1309 1933 Montem
1326 1899 1536 1944 praedifitum,
1562 1899 1718 1948 illiusque
1734 1902 1810 1936 loca
1825 1903 1858 1937 δι
1869 1904 2000 1950 portio·-

1080 1957 1135 1979 nes
1147 1973 1155 1987 ,
1184 1946 1331 1993 respe&u
1348 1947 1485 1982 summae
1509 1948 1555 1982 illi
1571 1947 1742 1994 affignatae
1756 1950 1850 1985 nullis
1863 1951 2000 1987 omnino

1078 1995 1350 2035 reduffionibus,
1378 1995 1668 2037 diminutionibus,
1697 2006 1755 2032 aut
1769 1998 1840 2032 aliis
1860 2009 1998 2033 contra·

1077 2042 1134 2075 ri2s
1151 2041 1440 2089 dispositionibus,
1467 2044 1564 2079 etiam
1582 2054 1752 2090 praeteittu
1769 2045 1999 2083 enormissimae

1080 2088 1222 2125 laesionis
1233 2118 1242 2131 ,
1271 2090 1422 2138 urgentis
1438 2091 1648 2133 necessitatis,
1674 2091 1729 2126 seu
1744 2093 1842 2127 etiam
1858 2093 1999 2128 eviden-

1080 2138 1120 2173 tis
1145 2139 1321 2179 utilitatis,
1349 2149 1405 2174 aut
1422 2139 1482 2174 alia
1504 2151 1719 2187 quacunque¹
1737 2139 1852 2183 causa,
1882 2143 1997 2178 sivein

1077 2198 1203 2230 genere
1215 2213 1225 2227 ‚
1251 2187 1319 2220 five
1335 2187 1366 2220 in
1379 2187 1490 2232 specie
1507 2187 1668 2223 faciendis
1682 2189 1825 2223 obnoxia
1842 2189 1926 2224 esse:
1940 2190 1996 2226 sed

1077 2234 1169 2269 firma
1191 2246 1368 2282 perpetuo,
1398 2238 1430 2271 &
1446 2235 1604 2270 inviolata
1619 2236 1868 2283 petfistete,nec
1880 2249 1997 2285 quern-

1077 2293 1177 2329 quam
1194 2295 1234 2317 ex
1250 2282 1349 2328 ipsius
1364 2285 1490 2318 montis
1508 2283 1682 2329 descriptis
1696 2285 1923 2320 creditoribus
1936 2297 1994 2323 aut

1076 2331 1118 2364 ab
1134 2329 1181 2363 eis
1199 2331 1328 2366 causam
1341 2357 1351 2371 ‚
1378 2332 1411 2365 ὅ(
1425 2332 1483 2378 jus*
1497 2331 1698 2368 habentibus
1720 2333 1860 2379 integris
1878 2333 1994 2369 frusti-

1076 2378 1154 2420 bus,
1183 2379 1216 2413 &
1238 2379 1472 2414 emolumentis
1486 2379 1666 2426 praedietis,
1693 2392 1908 2428 quocunque
1921 2394 1994 2417 trio·

1074 2425 1122 2460 do
1144 2426 1294 2468 turbari,
1324 2427 1377 2460 vel
1398 2426 1574 2473 impediri,
1601 2438 1714 2476 neque
1735 2432 1870 2465 eosdem
1897 2441 1992 2466 mon-

1071 2475 1115 2508 tis
1137 2473 1320 2510 creditores
1345 2476 1387 2509 ad
1410 2474 1617 2521 probandum
1631 2502 1640 2518 ‚
1670 2477 1722 2510 vel
1740 2477 1935 2513 docendum
1957 2478 1992 2513 in

1070 2521 1222 2567 judicio,
1250 2523 1303 2557 vel
1318 2532 1411 2558 extra
1430 2523 1590 2571 pecunias
1609 2524 1641 2558 in
1659 2523 1732 2570 ipso
1746 2535 1860 2560 monte
1870 2536 1991 2571 eroga-

1070 2580 1143 2612 tas,
1169 2579 1227 2605 aut
1248 2570 1376 2605 illarum
1395 2582 1521 2618 partem
1540 2570 1573 2606 in
1597 2571 1698 2608 distae
1715 2573 1831 2614 Sedis,
1860 2574 1913 2609 vel
1932 2585 1986 2608 ca-

1070 2630 1173 2652 merae
1187 2618 1361 2664 praedistae
1378 2619 1613 2662 necessitatem,
1642 2621 1694 2654 vel
1709 2621 1889 2657 utilitatem
1905 2633 1988 2657 con-

1069 2665 1158 2700 versa
1176 2667 1321 2709 fuerint,
1349 2668 1441 2702 nullo
1465 2678 1610 2715 unquam
1629 2679 1782 2715 tempore
1796 2670 1911 2704 teneri.

1115 2715 1238 2761 Atque
1260 2714 1318 2748 has
1335 2715 1462 2751 nostras
1489 2714 1613 2751 litteras
1639 2717 1703 2752 vim
1727 2716 1847 2761 validi,
1867 2721 1899 2753 &
1918 2718 1989 2754 effi-

1067 2762 1158 2796 cacis
1175 2763 1366 2798 contradus
1379 2763 1464 2799 inter
1475 2775 1547 2805 nos,
1561 2763 1830 2812 successoresque
1841 2766 1984 2809 nostros,

1066 2812 1098 2845 &
1111 2821 1170 2845 eos
1186 2809 1245 2858 qui
1257 2811 1446 2846 creditores
1461 2812 1541 2847 dieti
1552 2813 1679 2847 vmontis
1693 2812 1847 2859 descripti
1862 2811 1987 2850 fuerint

1063 2859 1266 2907 illorumque
1279 2858 1446 2901 haeredes,
1473 2870 1532 2896 aut
1553 2859 1766 2902 successores,
1793 2860 1935 2909 ejusque
1948 2864 1984 2898 δε

1063 2905 1192 2941 causam
1212 2906 1329 2941 abillis
1353 2907 1543 2950 habuerint,
1571 2907 1749 2943 solenniter
1760 2908 1832 2942 iniri
1847 2935 1858 2952 ,
1885 2910 1985 2945 &sti-

1062 2955 1166 2999 pulati
1195 2954 1373 2990 obtinere:
1400 2955 1617 3003 eundemque
1632 2958 1674 2990 ab
1692 2957 1848 2991 omnibus
1871 2958 1983 2994 obser-

1060 3002 1128 3038 vari
1141 3002 1274 3044 debere,
1297 3014 1410 3051 neque
1428 3004 1470 3038 ab
1485 3003 1544 3038 illo
1558 3004 1618 3037 sub
1629 3007 1842 3052 quocunque
1857 3006 1980 3053 quaefi-

1061 3059 1098 3085 to
1130 3051 1268 3091 colore,
1294 3053 1348 3086 vel
1368 3051 1509 3097 ingerito
1532 3051 1768 3099 resiliri'posse,
1794 3054 1898 3088 autin
1913 3058 1979 3102 jus,

1059 3098 1114 3132 vel
1129 3099 1386 3134 controverfiam
1396 3099 1539 3135 deduci.
1550 3099 1630 3134 Nec
1641 3111 1707 3134 non
1717 3100 1982 3150 quibuscunque

1061 3146 1328 3193 oppositionibus
1339 3158 1406 3182 non
1419 3146 1642 3189 obstantibus,
1650 3146 1775 3182 distum
1786 3146 1978 3193 Tiberium,

1059 3205 1100 3229 ac
1114 3194 1338 3242 quoscunque
1358 3194 1390 3228 in
1405 3194 1492 3229 dieta
1515 3194 1743 3231 conductione
1758 3196 1978 3232 Dohanarum

1059 3241 1276 3283 successores,
1303 3243 1346 3279 ad
1363 3243 1587 3288 praestandum
1604 3243 1757 3279 summam
1769 3244 1976 3290 praediaam,

1059 3301 1098 3325 ut
1114 3289 1314 3336 praefertur,
1342 3291 1447 3325 monti
1463 3289 1652 3337 assignatam
1671 3290 1802 3327 statutis
1815 3294 1975 3339 tempori-

1059 3338 1123 3372 bus
1136 3338 1237 3372 libere
1250 3364 1260 3380 ,
1288 3339 1321 3373 δε
1337 3338 1496 3384 expedire
1509 3339 1623 3378 teneri,
1649 3339 1683 3373 δε
1699 3339 1883 3385 obligatum
1898 3340 1976 3383 esse,

1060 3387 1093 3420 ὅ(
1105 3389 1148 3422 ad
1159 3385 1192 3419 id
1205 3387 1335 3431 juris,&
1353 3384 1598 3421 {adfrt-mediis
1610 3388 1812 3432 opportunis
1825 3388 1918 3434 cogi,
1940 3391 1976 3424 δε

1059 3435 1216 3479 compelli
1230 3433 1324 3479 posse
1335 3445 1342 3467 ι
1353 3434 1516 3469 facultate
1528 3445 1636 3469 tamen
1648 3433 1830 3472 redimendi
1851 3436 1976 3472 dietum

1058 3482 1175 3515 mont&
1187 3493 1248 3526 pro
1256 3481 1376 3516 eodem
1388 3482 1497 3529 pretio
1508 3481 1651 3517 vobist&
1666 3479 1908 3520 successoribus
1916 3495 1977 3519 ve-

1057 3529 1128 3563 flris
1142 3529 1436 3577 reservata,ficque
1447 3530 1479 3563 in
1490 3529 1697 3570 omnibus,&
1708 3529 1842 3577 singulis
1854 3532 1975 3579 praedi-

1059 3577 1119 3610 stis
1139 3588 1197 3624 per
1209 3577 1433 3624 quoscunque
1445 3576 1577 3623 judices
1586 3577 1786 3620 ordinarios,
1799 3579 1974 3626 delegatos

1059 3635 1158 3660 etiarn
1168 3625 1492 3662 S.R.E.Cardinales
1506 3625 1538 3660 in
1547 3626 1668 3674 quavis
1677 3624 1823 3670 causa,&
1830 3628 1973 3709 infligi?
