2400 3939
23 1413 63 1456 ⁶5

58 1554 68 1562 ’
99 1555 132 1579 at
154 1541 358 1589 campsor'ins
381 1539 425 1572 est
453 1536 628 1570 bibiturus
654 1541 812 1577 pecunias
838 1554 845 1565 ,

23 1754 65 1790 66

805 144 857 211 §.
892 135 1013 197 VI.
1049 131 1229 214 Gloff.
1263 135 1306 194 i.

99 242 198 298 qnod
223 243 373 291 campsor
403 238 462 274 dat
490 230 623 271 cambio
651 259 661 275 ,
695 230 855 277 opinatur
881 255 890 269 ‚
918 224 1071 272 eampse—⁷

99 300 184 332 rium
203 291 299 343 posse
312 291 434 325 habere
448 282 632 333 pencunias
649 307 659 320 ‚
685 279 737 312 vel
753 277 921 311 creditum
938 288 945 309 ι
970 273 1068 320 siqui⁴

97 346 175 380 dem
189 369 200 384 ‚
225 342 246 376 fi
267 340 336 375 hoc
355 348 423 372 tion
446 332 642 379 opinaretur
657 357 666 369 ,
693 326 891 361 abhorreret
919 323 960 355 ab
980 320 1070 356 omni

99 387 387 428 verisimilitudine
401 410 411 423 ,
437 381 536 429 quod
563 377 663 422 ve¹let
687 373 888 409 contrahere
906 382 980 405 curn
1001 381 1043 403 eo
1063 391 1073 409 ,

98 442 117 476 ὲ
143 450 217 487 quo
237 436 270 471 se
290 435 474 479 deceptum
503 427 541 461 iri
566 423 763 472 opinaretur
781 446 790 460 ‚
819 422 852 455 ὃ(
878 431 919 453 ex
945 420 1071 462 decep-

99 489 196 524 tione
216 481 407 519 amissurum
429 504 439 521 ‚
464 477 550 510 sicut
573 484 657 519 ergo
683 470 846 516 opinatur
862 493 872 508 ‚
901 469 933 500 ὅ(
963 463 1072 499 credit

100 536 169 583 ipse
193 560 204 574 ‚
230 533 276 567 ita
301 526 413 578 potest
439 524 578 561 credere
607 520 693 554 alius
717 531 724 553 :
752 518 786 551 ὅ(
814 516 856 549 ad
887 514 1071 561 justifican-

99 584 175 619 dam
195 580 399 627 emptionem
415 602 424 616 ‚
446 569 746 608 commutationem
763 590 772 604 ,
796 564 853 598 seu
880 563 1068 601 cambium,

100 630 222 668 sufficit
239 625 338 676 quod
363 620 568 669 campsorius
584 644 594 659 ,
619 628 680 664 qui
697 612 901 659 accipiendo
920 610 962 644 ad
980 621 1070 644 cam-

100 679 192 716 bium
209 704 219 719 ,
239 673 358 711 vendit
373 666 711 707 sentos-marcharum
729 688 738 703 ‚
767 661 889 694 habeat
912 658 987 692 illos
1004 657 1068 690 vir-

100 726 236 763 tualiter
255 750 266 766 ,
291 724 324 758 ὅ(
347 719 413 756 dici
459 730 473 752 i·
499 717 619 750 habere
649 709 835 753 virtualiter
850 735 858 748 ,
880 707 901 740 si
925 717 984 740 eos
1008 704 1068 739 lia-

100 777 178 810 beat
210 773 242 808 in
268 770 400 806 credito
415 724 582 854 Qr.
600 764 633 795 in
648 771 733 795 man.
761 757 882 804 confeff.
902 768 930 788 c.
953 767 1004 800 ¹7·
1027 754 1069 787 de

99 825 200 870 usitra
228 823 318 856 circa
338 814 444 853 camb'
538 810 687 853 uma-98.
706 807 740 843 ὠ
764 818 840 849 ²99·
870 804 927 838 vel
950 803 1068 836 hahere

96 870 204 921 poſjit-,
227 866 415 915 accipiendo
433 874 485 896 eos
499 870 606 895 mutuo
620 858 662 891 ab
679 857 746 890 alio
763 881 772 894 ‚
792 864 848 887 aut
866 853 932 885 alio
949 851 1042 884 modo
1057 874 1067 889 ,

98 930 135 955 ut
155 918 238 953 dicit
262 919 294 950 in
320 929 347 949 c.
375 914 489 960 navig.
506 919 596 943 vers.
617 903 743 952 iz.sub
763 915 846 936 num.
860 912 910 942 ¹4·
931 910 1017 933 vers.
1037 911 1066 942 3.

101 970 179 1016 quia
201 966 242 1000 de
263 966 348 1011 usur.
367 963 398 997 δ(
419 962 554 995 Ναυαγ.
569 957 697 1001 secutus
713 952 849 985 videtur
876 950 930 983 Jo.
956 950 1065 980 Azor.

100 1016 143 1050 de
165 1015 262 1060 instit.
290 1011 406 1046 moral.
428 1019 540 1055 [λιτῆς.
554 1004 613 1038 lib.
637 1014 687 1035 ιο.
707 1004 758 1034 tit.
777 1000 818 1031 de
832 997 936 1031 camb.
955 1007 1018 1038 c.9.
1037 1006 1066 1041 q.

101 1077 135 1097 2.
155 1074 244 1097 vers.
261 1061 318 1095 hoc
334 1058 494 1094 cambium
510 1082 518 1095 ‚
537 1055 570 1088 ὅτ.
593 1062 680 1084 rvers.
699 1052 730 1081 in
744 1049 806 1081 hac
828 1058 873 1078 re.
902 1056 994 1090 quem
1012 1054 1067 1090 ego

97 1112 198 1146 retuli
215 1111 305 1156 fitpr.
326 1106 473 1148 num.58.
492 1101 630 1149 &susm
651 1099 788 1144 §.i.q.7.
808 1104 894 1140 part.
915 1105 945 1127 2.
965 1093 1066 1136 ampl.

105 1158 231 1207 17.sub
243 1168 364 1202 num.7.
387 1155 419 1188 δε
441 1162 517 1199 quis
540 1149 583 1183 est
606 1147 660 1180 ille
674 1171 682 1185 ‚
701 1155 761 1191 qui
780 1141 875 1188 pollit
892 1140 1041 1173 divinare
1056 1166 1066 1177 ,

99 1205 196 1253 quod
214 1216 314 1240 nemo
332 1203 416 1236 alius
428 1197 621 1235 crediturus
636 1195 672 1228 fit
691 1194 736 1226 ilii
753 1218 762 1232 ‚
776 1202 830 1232 cui
848 1188 913 1234 ipse
929 1187 1037 1222 credit
1054 1186 1066 1221 ζ

100 1255 234 1290 demum
251 1279 261 1295 ‚
278 1249 445 1299 quicquid
473 1246 568 1293 super
590 1244 660 1278 hoc
686 1240 814 1274 enixius
834 1246 1064 1283 arguinentan.

100 1304 149 1339 do
173 1301 344 1337 diceretur
370 1326 378 1339 ,
402 1296 526 1331 solutio
558 1302 650 1338 patet
680 1303 719 1324 ex
751 1289 801 1320 his
819 1312 828 1326 ,
854 1297 934 1332 qnae
959 1283 1065 1328 scripsi

93 1353 168 1400 sup.
186 1353 216 1397 §.
229 1362 256 1384 1.
270 1362 335 1396 q.7.
353 1343 635 1394 par.2.ampl.i7.
656 1351 741 1373 num.
762 1349 788 1369 1.
809 1335 942 1380 &seil-
960 1336 993 1367 (ΞΥ
1012 1344 1063 1364 nu.

104 1412 145 1433 2²
177 1401 202 1445 †
222 1399 352 1444 Neque
374 1393 456 1428 illud
478 1391 577 1425 simile
592 1390 634 1423 de
651 1388 762 1421 bobus
784 1393 903 1428 emptis
923 1383 956 1414 ὅ(
977 1380 1062 1413 loca-

102 1448 145 1482 tis
167 1446 318 1486 rustico,
345 1442 532 1490 applicatur
553 1464 563 1479 5
586 1438 653 1470 imo
686 1435 787 1479 longe
816 1429 928 1464 differt
950 1455 958 1467 ,
983 1438 1063 1473 quia

99 1495 154 1530 ille
179 1494 320 1529 rusticus
342 1502 406 1525 nec
427 1490 528 1522 babet
543 1514 552 1526 ,
576 1496 636 1520 nec
655 1482 828 1516 habiturus
856 1477 900 1511 est
922 1479 1029 1511 boves
1053 1501 1062 1515 ‚

872 1537 956 1572 quii?
982 1535 1062 1556 vess-

100 1592 151 1626 dit
168 1618 176 1633 ‚
197 1603 234 1625 ut
257 1587 403 1623 ostendit
421 1584 548 1628 Silvest.
571 1586 602 1615 in
623 1583 703 1627 fiam.
721 1582 752 1610 in
767 1575 877 1614 verbo,
891 1576 988 1619 usitra
1001 1599 1009 1611 ‚
1029 1585 1061 1613 4.

101 1641 243 1687 quast.9.
262 1638 389 1672 vers.6.
403 1647 494 1681 quem
506 1635 686 1679 sequuntur
704 1626 791 1659 idem
815 1624 942 1669 Boniris.
959 1621 1061 1655 eod.c.

101 1700 134 1736 7.
147 1699 235 1721 vers.
247 1687 325 1733 sono
343 1685 453 1717 alcuni
474 1681 507 1717 (9³
524 1682 659 1714 Navar.
680 1673 837 1718 camisas.
854 1667 1061 1715 reverendiss.

102 1747 191 1770 vers.
221 1734 268 1770 ad
291 1743 439 1781 quartum
465 1731 576 1762 miror.
604 1729 636 1758 in
662 1724 694 1762 ἦ.
721 1721 777 1756 1117.
810 1734 839 1763 5.
863 1720 905 1753 de
925 1720 1013 1764 usu.
1038 1719 1064 1762 Τ

103 1795 208 1832 quare
229 1794 296 1817 non
318 1780 427 1815 obstat
450 1804 459 1817 ,
487 1775 584 1823 quod
606 1772 755 1806 vendens
777 1768 890 1802 sentos
915 1765 1063 1799 marcha-

101 1844 173 1867 rum
199 1842 284 1866 tunc
312 1829 387 1863 illos
405 1838 471 1859 non
503 1824 624 1857 habeat
641 1847 651 1863 ,
673 1829 752 1866 quia
773 1817 873 1851 etiam
904 1825 954 1847 res
979 1824 1064 1846 non-

101 1881 181 1915 dum
202 1890 276 1913 nata
296 1876 396 1911 vendi
418 1873 529 1921 potest
544 1899 553 1911 ,
572 1872 708 1905 Navar.
733 1870 765 1899 in
785 1877 871 1898 inan.
892 1861 1014 1908 caiifeff.
1037 1875 1064 1894 c.

106 1941 157 1976 17.
176 1927 218 1960 de
237 1929 333 1973 usura
357 1928 448 1958 eirca
465 1920 595 1955 cambia
609 1946 618 1961 ‚
638 1915 808 1960 nttm.287.
831 1916 861 1945 in
883 1911 915 1950 fi.
932 1917 965 1945 (9'
984 1910 1063 1942 ind.

101 1990 128 2011 c.
145 1977 321 2024 naviganti
336 1973 401 2020 fitb
418 1982 503 2004 num.
515 1980 564 2009 ¹4·
583 1965 675 2005 verli.
686 1977 696 1997 1
708 1975 737 1996 2.
748 1973 807 2009 per
824 1963 923 2006 totitm
937 1984 947 1997 ,
963 1958 995 1993 ά
1013 1969 1065 1990 νιιι.

103 2035 160 2070 75.
179 2023 309 2062 verli.6.
332 2020 415 2068 quod
433 2018 517 2051 hanc
534 2017 575 2050 de
595 2016 681 2061 usur.
706 2012 739 2047 ἐφ’
755 2011 858 2054 latit-ir
879 2005 1065 2049 d.conlI.3r.

103 2084 192 2109 vers.
211 2072 338 2114 objiciet
359 2068 493 2113 aliquis.
516 2066 542 2110 †
568 2063 649 2098 Non
674 2059 782 2093 obslat
801 2055 921 2103 pariter
935 2080 943 2092 ,
970 2052 1068 2099 quod

105 2119 235 2154 fruetus
263 2117 432 2152 societatis
447 2140 456 2154 ‚
483 2113 516 2147 ὅ(
538 2109 661 2146 montis
682 2107 799 2141 illicite
821 2102 1043 2151 percipiantur
1058 2125 1067 2141 ‚

106 2168 246 2215 quando
267 2166 407 2200 societas
430 2164 462 2196 ὅ(
481 2171 576 2194 mons
590 2170 658 2191 non
678 2155 751 2189 sunt
773 2163 913 2199 capaces
936 2150 1068 2183 illorum

105 2216 286 2251 fruciuiim.
317 2214 412 2257 Quia
436 2207 623 2256 respondeo
640 2202 822 2249 dupliciter
842 2214 849 2235 :
867 2198 979 2233 Pnimn
996 2224 1004 2236 ,
1022 2197 1070 2231 di·

109 2277 153 2298 co
175 2264 261 2298 illam
289 2261 483 2308 opinionem
511 2253 677 2302 supposita
703 2249 891 2297 ignorantia
907 2273 916 2285 .
934 2249 966 2281 ὃς
982 2247 1071 2280 bona

110 2312 177 2347 fide
195 2311 304 2347 dantis
329 2307 490 2357 pecunias
512 2304 566 2337 seu
595 2300 755 2339 ementis,
780 2310 847 2332 non
874 2294 939 2330 effe
961 2305 1070 2328 veram

109 2362 144 2395 in
161 2359 234 2395 casu
249 2386 257 2398 .
277 2358 320 2392 de
338 2370 409 2405 quo
427 2352 535 2400 scripsi
548 2353 622 2399 sup.
637 2353 966 2394 λῡ“.1.ι].1.ιιιινη.3,ι9.
991 2341 1071 2389 quia

110 2420 194 2443 tunc
217 2407 356 2442 societas
380 2413 472 2439 tenet
491 2428 501 2442 ,
522 2401 555 2434 &
571 2398 695 2433 fruetus
712 2395 802 2429 licite
816 2401 1074 2439 pereipiuntur3

110 2457 146 2491 δι
164 2456 186 2491 si
205 2456 393 2490 diceremus
407 2453 502 2487 aliter
515 2473 525 2488 ,
544 2445 655 2493 posset
671 2443 791 2490 aperiri
805 2442 857 2475 via
877 2437 1074 2477 fraudibus,

112 2506 192 2552 quia
209 2503 305 2538 multi
324 2501 384 2536 sub
406 2501 468 2534 hac
489 2494 655 2544 probabili
679 2492 734 2539 spe
747 2517 755 2532 ‚
781 2488 880 2537 quod
898 2499 966 2521 non
984 2497 1076 2520 tene-

109 2555 238 2588 buntur
257 2552 301 2587 ad
322 2549 452 2585 trustus
466 2573 475 2587 ‚
505 2544 678 2580 societates
697 2537 937 2575 contraherent
952 2561 960 2574 ,
984 2534 1074 2568 hinc-

113 2613 184 2649 que
205 2600 301 2635 multi
325 2605 533 2633 remanerent
565 2593 622 2626 sub
653 2591 740 2623 bona
765 2586 832 2620 side
853 2582 991 2629 decepti
1008 2608 1017 2621 ,
1043 2583 1077 2616 &

113 2648 360 2697 consequenter
381 2644 590 2691 diffiparetiir
615 2640 682 2673 noc
705 2633 945 2673 commercium
961 2657 969 2669 ,
997 2630 1077 2678 quia

115 2698 350 2743 injungeretur
373 2703 483 2732 onus,
513 2700 552 2723 ut
579 2688 658 2723 dans
683 2683 838 2734 pecunias
861 2680 904 2715 ad
936 2678 1077 2713 societa-

113 2756 181 2781 tem
205 2744 308 2779 officii
326 2769 335 2784 ‚
358 2742 411 2776 vel
431 2749 540 2774 emens
564 2737 641 2772 loca
662 2732 786 2769 montis
800 2757 809 2772 ,
834 2737 1006 2765 teneretur
1025 2726 1077 2759 di-

116 2794 232 2829 vinare
248 2819 258 2834 ,
284 2792 337 2825 vel
358 2788 503 2834 reperire
524 2795 613 2833 quot
637 2783 714 2817 alias
733 2779 910 2815 societates
930 2774 984 2809 ille
1005 2773 1078 2809 offi-

117 2842 209 2876 cialis
226 2837 438 2876 contraxisset
450 2863 458 2876 ,
476 2836 512 2871 <Sc
530 2843 620 2881 quot
638 2831 714 2867 loca
729 2828 816 2863 illius
834 2823 958 2860 montis
976 2821 1078 2857 essent

62 2883 69 2894 ⁹
118 2890 255 2925 vendita
273 2914 282 2928 .
303 2889 336 2923 &c
357 2897 446 2936 qnos
473 2883 600 2917 fruetus
623 2880 677 2914 ille
702 2887 798 2911 mons
825 2883 938 2907 revera
958 2870 1078 2905 redde-

2 3336 85 3376 *2⁶8

117 2948 168 2974 ret
189 2964 197 2977 ,
221 2948 259 2972 ut
281 2933 458 2984 loquendo
473 2931 516 2965 de
531 2929 692 2965 societate
712 2921 814 2959 officii
831 2947 841 2961 ‚
861 2919 959 2955 latius
976 2918 1080 2964 expli-

117 2986 192 3020 cavi
215 2985 248 3022 d.
266 2998 294 3032 q.
316 2998 342 3018 r.
363 2997 394 3020 n.
413 2992 491 3028 ²74·
512 2990 589 3024 ²75·
610 2977 643 3011 ὅς
663 2985 739 3020 330.
763 2967 926 3004 Secundo
944 2965 1080 3013 respon-

118 3035 187 3069 deo
205 3060 214 3073 ,
239 3032 338 3081 quod
361 3030 454 3067 casus
478 3027 524 3062 est
547 3022 695 3061 diversus
710 3048 720 3062 ,
745 3018 826 3067 quia
851 3015 994 3051 societas
1011 3040 1019 3054 ‚
1046 3015 1079 3048 δε

119 3082 194 3117 loca
217 3080 379 3116 montium
403 3075 533 3125 possent
557 3070 712 3108 contrahi
729 3070 762 3103 &
787 3064 851 3100 emi
866 3091 875 3105 ,
900 3063 998 3098 etiarn
1018 3074 1080 3108 pro

121 3129 284 3166 frustibus
310 3139 388 3163 vere
415 3120 660 3172 percipiendis,
686 3129 754 3154 non
771 3113 866 3148 aliter
889 3111 975 3145 inter
994 3121 1079 3145 con-

119 3178 290 3213 trahentes
317 3173 436 3211 taxatis
457 3184 465 3207 z
487 3170 542 3205 sed
569 3165 762 3203 contrastus
788 3159 906 3198 cambii
926 3170 993 3193 non
1019 3169 1081 3204 po-

121 3226 183 3261 test
201 3226 247 3260 ita
262 3223 334 3258 iniri
351 3249 361 3264 ,
376 3233 414 3256 ut
432 3220 576 3267 pendeat
593 3214 743 3251 afuturo
763 3217 888 3245 eventu
902 3232 912 3248 ,
931 3207 952 3240 si
969 3217 1082 3251 campa

122 3274 226 3310 sotius
249 3270 402 3307 habuerit
418 3266 569 3302 -tnodtim
594 3260 744 3300 solvendi
771 3258 803 3291 in
835 3253 990 3289 nundinis
1014 3265 1021 3287 :
1048 3254 1082 3287 δε

122 3321 274 3368 campsor
294 3332 361 3354 non
383 3326 515 3354 tenetur
534 3313 569 3347 id
587 3311 747 3346 divinare.
767 3308 791 3352 †
816 3303 932 3338 Minus
951 3301 1081 3341 obstat,

122 3369 222 3418 quod
259 3365 412 3413 campsor
455 3361 610 3396 videatur
644 3366 752 3394 emere
790 3363 858 3386 rem
900 3349 1079 3397 propriam.

125 3418 222 3461 Quia
251 3413 440 3462 respondeo
469 3437 478 3451 ,
514 3409 581 3443 hoc
620 3403 714 3453 posse
748 3399 854 3436 videri
881 3424 890 3438 .
926 3395 981 3431 sed
1014 3409 1084 3431 non

126 3466 217 3507 effe,
240 3476 320 3513 quta
345 3462 423 3497 emit
450 3457 568 3493 scutos
590 3453 689 3502 ipsius
709 3445 906 3496 campsorii..
933 3456 1010 3479 cum
1036 3445 1082 3478 illi

125 3511 211 3548 scuti
236 3540 248 3555 ‚
276 3512 334 3547 etsi
359 3510 530 3544 solvantur
557 3515 596 3538 ex
624 3500 767 3549 propriis
796 3494 898 3529 scutis
928 3490 1082 3539 campso-

123 3560 188 3600 τῖε,
205 3570 312 3595 tamen
327 3558 445 3594 ordine
458 3551 644 3589 intellectus
660 3549 751 3596 prius
765 3543 955 3579 efficiuntur
970 3552 1081 3588 camp-

122 3608 200 3643 sorti
214 3634 224 3650 ‚
244 3618 282 3642 ut
301 3608 401 3642 latius
420 3600 583 3649 explicavi
598 3599 676 3646 infr,
688 3595 753 3644 sub
777 3600 912 3639 num-74
928 3588 961 3622 &
979 3599 1083 3634 prout

122 3656 199 3693 sunt
235 3654 345 3694 effesti
368 3649 544 3701 campserii
565 3674 576 3691 ‚
610 3645 844 3693 intelliguntur
875 3635 1013 3684 empti,
1044 3646 1083 3671 ut

1979 147 2102 213 '435

1130 225 1191 258 sub
1216 223 1287 257 aliis
1316 220 1427 254 verbis
1453 217 1550 252 sentit
1576 215 1712 252 Navar·
1735 210 1768 250 d.
1798 210 1900 254 consil.
1929 222 1981 260 32.
2013 226 2102 252 verr.

1132 273 1179 305 ad
1203 272 1388 318 secundum
1418 278 1563 315 negatur.
1595 269 1620 311 †
1655 268 1686 298 ὅ(
1716 275 1777 310 pro
1812 264 1943 296 clariori
1980 261 2100 296 intelli..

1133 320 1246 365 gentia
1277 319 1378 363 liujus
1413 314 1634 360 responsionis
1661 313 1814 355 suppono
1845 335 1853 350 ‚
1883 310 1971 345 idem
2007 309 2099 355 judi-

1135 379 1222 400 cium
1239 365 1308 399 fieri
1327 368 1370 399 de
1387 363 1531 409 pecunia
1552 389 1560 401 ‚
1589 360 1672 394 facia
1699 371 1710 385 ⁰
1727 359 1806 391 :tali
1830 369 1887 403 per
1910 367 1995 390 viam
2015 356 2101 391 carn}b

1136 415 1179 449 bii
1208 438 1218 454 ,
1251 413 1348 460 quod
1380 413 1417 446 fit
1447 411 1490 444 de
1511 409 1581 442 aliis
1609 410 1777 442 merctbtis
1813 406 1952 438 venalis).
1984 403 2038 438 sed
2068 404 2102 439 in

1137 464 1207 496 aliis
1235 464 1399 495 mercibus
1425 472 1492 492 non
1521 468 1688 503 repugnat
1719 480 1728 493 ,
1760 452 1856 499 quod
1887 452 1962 496 (gitis
1995 442 2102 487 nomi-

1136 522 1177 544 ne
1211 510 1348 544 alterius
1384 516 1470 541 emat
1506 517 1656 552 proprias
1692 512 1816 535 meices
1844 512 1862 533 a
1892 500 1996 545 seipso
2023 525 2031 538 ,
2069 500 2103 534 δῦ

1133 558 1382 605 consequenter
1408 582 1416 593 ,
1447 554 1528 587 duni
1556 564 1692 586 nornine
1720 552 1854 582 alterius
1880 559 1957 582 emir
1977 549 1996 585 Δ,
2023 558 2105 580 ven-

1135 608 1194 640 dat
1225 616 1360 640 nomine
1381 601 1522 648 proprio
1546 613 1583 635 ut
1604 612 1686 646 puta
1706 620 1716 640 ‚
1742 596 1919 640 Antonius
1939 603 2106 633 mercator

1134 653 1323 688 Genueniis
1355 651 1478 694 accipit
1514 649 1642 683 litteras
1673 648 1689 682 a
1727 643 1830 681 Petro
1859 637 2003 678 Lucensi
2028 667 2037 682 ‚
2066 652 2106 679 ut

1134 713 1208 747 ejus
1237 701 1371 736 nomine
1407 707 1495 732 emat
1531 696 1650 731 decem
1681 694 1781 729 bullas
1815 692 1907 726 serici
1939 690 2106 736 Neapoli-

1135 751 1200 783 tani
1229 761 1236 784 2
1266 760 1349 783 tnnc
1376 745 1551 780 Antonius
1574 771 1582 785 ‚
1612 754 1692 791 qvia
1725 740 1813 788 apud
1844 740 1874 775 se
1907 739 2006 773 liabet
2039 738 2105 773 hu-

1131 796 1280 842 jusmodi
1307 806 1432 829 nerces
1456 819 1465 834 ,
1495 793 1576 827 emit
1603 793 1672 825 ilias
1701 791 1718 825 a
1750 787 1851 834 ievpso
1875 786 2013 822 nomine
2038 785 2104 822 Pe.

1133 856 1174 896 iri
1203 872 1211 885 ‚
1244 849 1359 891 iicqne
1387 853 1473 875 vnus
1498 842 1543 874 est
1577 840 1737 877 venditor
1761 839 1794 871 δι
1821 846 1952 883 emptor
1981 861 1990 874 ‚
2017 844 2102 880 ergo

1131 893 1218 933 idern
1247 894 1279 925 in
1305 890 1438 926 cambio
1465 916 1473 929 ,
1509 890 1644 925 Navar.
1678 888 1713 921 d.
1741 883 1828 924 confi.
1864 896 1917 929 3¹·
1949 894 2037 917 vers.
2067 884 2100 917 6.

1131 941 1218 975 idem
1236 966 1247 980 ,
1276 941 1425 986 haveque
1451 948 1557 986 praxis
1574 963 1583 975 ,
1603 936 1670 969 sive
1693 933 1859 969 cambium
1884 942 1960 966 cum
1988 940 2103 965 recur-

1131 988 1160 1021 sa
1187 990 1285 1024 habet
1311 990 1343 1021 in
1375 986 1405 1022 se
1431 981 1630 1020 laudabilem
1657 979 1870 1029 prudentiam
1892 1002 1901 1019 ‚
1927 978 2009 1026 quia
2041 989 2103 1012 oca

1131 1037 1239 1070 currit
1263 1034 1475 1081 contingibili
1501 1031 1674 1079 carnpsorii
1709 1026 1892 1064 necessitati
1916 1053 1924 1066 ,
1954 1026 1987 1059 δε
2018 1037 2103 1061 con-

1129 1085 1206 1119 sulit
1235 1083 1412 1129 utriusque
1432 1080 1640 1115 indemnitati
1657 1075 1831 1114 :occurrit
1851 1073 2026 1121 campsorii
2046 1085 2103 1108 ne·-

1130 1133 1272 1167 ceffitati
1294 1158 1303 1173 ,
1331 1141 1413 1178 quia
1444 1141 1521 1164 curn
1548 1127 1642 1173 tollit
1668 1127 1737 1161 dari
1765 1123 1858 1163 castis
1883 1149 1893 1163 ‚
1925 1133 1962 1156 ut
1986 1132 2102 1168 camp-

1129 1180 1235 1215 soiius
1263 1193 1306 1214 eo
1325 1188 1478 1225 tempore
1492 1203 1500 1216 ‚
1525 1187 1597 1223 quo
1623 1174 1738 1210 scuios
1759 1185 1774 1203 r·
1791 1170 1964 1205 archarum
1985 1180 2101 1216 canip-

1127 1229 1190 1264 sori
1217 1229 1348 1263 solvere
1373 1236 1508 1260 tenetur
1528 1251 1536 1263 ,
1564 1236 1623 1258 eos
1646 1236 1713 1259 non
1740 1217 1857 1254 habeat
1875 1246 1885 1258 ,
1912 1228 2025 1263 neque
2045 1217 2097 1251 in·-

1129 1279 1242 1311 veniat
1256 1303 1265 1316 ‚
1293 1288 1353 1324 qni
1380 1287 1408 1308 ei
1435 1286 1493 1308 eos
1513 1272 1644 1306 credito
1662 1281 1773 1317 pretio
1791 1267 1912 1302 verdat
1928 1292 1937 1306 ,
1964 1266 1998 1300 ἀ
2015 1265 2094 1299 inde

1128 1337 1254 1360 oriatur
1285 1323 1452 1369 obligatio
1485 1322 1526 1356 ad
1556 1319 1707 1354 interesse
1738 1328 1744 1349 :
1775 1315 1918 1361 prudens
1952 1313 1997 1349 est
2030 1312 2090 1347 issa

1126 1374 1232 1419 praxis
1256 1399 1265 1412 ,
1295 1384 1377 1419 quae
1401 1369 1548 1404 admittit
1572 1394 1580 1408 ‚
1612 1378 1649 1400 tit
1675 1367 1716 1400 ab
1737 1364 1834 1398 initio
1860 1360 2087 1402 conveniant,

1126 1422 1222 1467 quod
1255 1422 1344 1454 idem
1382 1417 1533 1463 campsor
1560 1414 1691 1454 eosdem
1731 1412 1844 1446 sentos
1883 1409 2088 1444 warcharurn

1126 1470 1223 1515 potiit
1247 1468 1404 1502 nomnine
1431 1464 1605 1511 campsorii
1635 1473 1742 1496 emere
1766 1461 1784 1494 a
1814 1458 1846 1492 se
1867 1456 1937 1504 ipso
1953 1485 1962 1499 ,
1986 1458 2018 1492 &
2041 1456 2088 1491 ita

1125 1528 1257 1563 emptos
1287 1516 1343 1548 sibi
1373 1515 1428 1560 ipsi
1463 1512 1596 1548 nornine
1624 1508 1797 1555 campsorii
1834 1506 1963 1541 solvere
1989 1531 1998 1545 ,
2027 1505 2089 1538 sic-

1125 1577 1194 1612 que
1223 1565 1439 1611 extinguatur
1467 1561 1556 1608 prius
1584 1559 1736 1593 debitum
1765 1582 1774 1598 ‚
1809 1556 1842 1589 ὅ(
1869 1553 2087 1588 contrahatur

1124 1626 1250 1647 novum
1277 1639 1286 1651 ,
1316 1622 1429 1658 neque
1455 1609 1553 1656 ipsius
1580 1605 1753 1652 campsorii
1785 1604 1969 1651 quicquam
2001 1602 2089 1635 inte-

1126 1662 1186 1694 reis
1212 1687 1221 1700 ,
1251 1660 1347 1708 quod
1377 1669 1436 1691 eos
1458 1668 1544 1691 emat
1573 1657 1612 1690 ab
1639 1654 1779 1700 ipsomet
1807 1649 1979 1698 campsore
1998 1676 2006 1690 ‚
2034 1650 2089 1685 vel

1124 1711 1165 1742 ab
1192 1711 1257 1743 alio
1283 1721 1290 1742 ι
1315 1706 1459 1742 consulit
1487 1705 1584 1740 etiam
1614 1702 1672 1736 isla
1698 1700 1806 1747 praxis
1832 1696 2008 1746 utriusque
2035 1698 2088 1732 iri-

1126 1757 1322 1796 demutati,
1339 1754 1419 1801 quia
1444 1765 1502 1788 eos
1526 1752 1567 1786 ad
1591 1749 1744 1798 prasatae
1768 1747 2007 1782 conventionis
2027 1747 2088 1781 ob-

1126 1806 1318 1840 servantiam
1347 1815 1414 1837 non
1437 1802 1539 1836 afflat
1562 1826 1572 1841 ‚
1609 1798 1664 1833 sed
1691 1797 1828 1843 utrique
1862 1796 1995 1829 liberam
2036 1805 2085 1827 re-

1127 1854 1251 1901 linquit
1276 1853 1471 1886 facultatem
1499 1847 1676 1882 recedendi
1703 1846 1747 1879 ab
1768 1856 1806 1879 ea
1828 1870 1837 1884 ,
1860 1855 1937 1877 curn
1954 1843 1984 1876 iii
2005 1840 2087 1876 effe-

1128 1903 1183 1935 ftu
1202 1904 1254 1935 illa
1277 1898 1465 1939 conventio
1489 1909 1556 1931 tien
1582 1896 1618 1929 sit
1644 1893 1735 1928 aliud
1753 1920 1763 1934 ,
1785 1903 1886 1938 quam
1913 1890 2088 1938 quoddam

1128 1951 1319 1984 mandatum
1338 1977 1346 1988 ,
1373 1946 1467 1993 quod
1485 1943 1689 1990 campsotius
1712 1941 1822 1988 potest
1847 1950 2007 1974 revocare
2024 1965 2033 1979 ,
2054 1940 2090 1973 Bt

1129 1999 1280 2044 campsor
1302 1995 1384 2030 illud
1414 2007 1479 2029 non
1505 2002 1683 2037 acceptare
1706 2002 1719 2032 ·‚
1751 1989 1842 2023 unde
1868 1987 1947 2022 licet
1977 1998 2091 2032 camp-

1129 2045 1234 2080 sorius
1258 2044 1417 2090 scripserit
1434 2041 1570 2088 ipsemet
1593 2037 1752 2085 campsori
1766 2063 1774 2077 ‚
1792 2048 1829 2071 ut
1855 2035 1999 2070 solveret
2016 2034 2090 2071 sibi-

1130 2095 1187 2140 ipsi
1214 2093 1397 2137 secundum
1423 2091 1559 2137 primam
1586 2090 1769 2122 litterarum
1800 2083 1973 2119 formulam
1994 2110 2002 2124 ,
2029 2094 2090 2128 poa

1131 2143 1222 2176 fitam
1239 2145 1333 2188 supr.
1353 2150 1383 2187 3.
1406 2152 1436 2172 2.
1455 2149 1522 2186 q.5.
1548 2135 1693 2170 num.88.
1718 2134 1752 2168 <Sc
1778 2132 1848 2178 ipso
1870 2131 2019 2178 campsor
2035 2131 2092 2166 lit-

1132 2202 1217 2243 teras
1243 2188 1412 2234 acceperit
1442 2198 1540 2221 etiam
1563 2194 1691 2230 apertas
1711 2209 1721 2222 ‚
1746 2181 1779 2214 in
1801 2193 1825 2228 q
1840 2180 1921 2215 ribus
1942 2178 2092 2224 campso-

1132 2250 1200 2272 rius
1221 2266 1229 2279 ‚
1255 2249 1293 2272 ut
1319 2237 1385 2271 dixi
1407 2260 1417 2276 ,
1445 2234 1580 2268 mandet
1603 2232 1632 2265 ei
1650 2243 1663 2274 3
1682 2241 1720 2265 ut
1747 2229 1854 2264 solvat
1880 2227 2068 2273 sibimetipfi
2083 2252 2094 2267 ‚

1135 2285 1262 2321 &ideo
1280 2286 1436 2320 videatur
1459 2292 1543 2317 tunc
1563 2277 1751 2324 acceptasse
1774 2277 1966 2311 mandatum
1982 2301 1992 2316 ,
2015 2285 2096 2309 cum

1135 2347 1202 2370 non
1233 2330 1473 2369 contradixerit
1499 2357 1507 2370 ,
1538 2340 1647 2362 tamen
1673 2338 1742 2361 non
1766 2325 1812 2359 est
1838 2325 1882 2360 ita
1902 2350 1910 2365 ‚
1943 2323 2023 2370 quia
2043 2322 2100 2358 lit-

1137 2395 1218 2418 terae
1252 2382 1426 2428 finguntur
1458 2378 1487 2412 ei
1512 2376 1658 2410 redditae
1686 2375 1718 2408 in
1751 2372 1906 2407 nundinis
1927 2398 1935 2412 ,
1968 2371 2000 2404 in
2025 2371 2102 2418 qui·-

1137 2434 1200 2465 bus
1225 2431 1335 2478 potest
1357 2429 1426 2462 illas
1442 2435 1618 2471 acceptare
1635 2449 1645 2464 ‚
1670 2422 1723 2456 vel
1749 2433 1815 2455 non
1839 2428 2017 2465 acceptare
2034 2446 2043 2459 ‚
2068 2420 2104 2453 ὃς

1137 2481 1190 2513 illa
1212 2477 1378 2523 susceptio
1402 2477 1588 2510 litterarum
1605 2483 1674 2505 non
1697 2472 1838 2504 liabetur
1860 2469 1892 2501 in
1915 2467 2104 2503 considera-

1140 2529 1233 2562 tione
1255 2541 1268 2570 ·‚
1293 2530 1317 2573 †
1342 2524 1484 2559 similiter
1509 2519 1713 2566 campsorius
1734 2545 1743 2557 ,
1772 2517 1833 2564 qui
1859 2514 1994 2561 accepit
2016 2526 2104 2549 cam-

1139 2577 1197 2610 bio
1221 2602 1231 2617 ‚
1258 2575 1366 2622 potest
1408 2570 1603 2619 praedidum
1631 2565 1821 2601 mandatum
1845 2591 1856 2606 ,
1887 2575 1926 2597 ut
1954 2562 2104 2609 campsor

1140 2624 1246 2666 solvat
1278 2621 1395 2667 fibiipsi
1421 2647 1430 2661 ‚
1457 2628 1618 2652 revocare
1651 2626 1709 2661 per
1742 2625 1780 2648 ea
1803 2640 1813 2654 ,
1848 2624 1930 2660 quae
1958 2611 2106 2646 scribunt

1141 2674 1239 2708 Paul.
1257 2671 1299 2705 de
1323 2672 1424 2715 Castr.
1444 2671 1476 2701 in
1499 2667 1582 2700 18³.
1606 2664 1628 2704 si
1645 2676 1716 2698 cum
1739 2662 1905 2696 Cornelius
1922 2671 2044 2694 numa.
2062 2660 2106 2704 ff,

1142 2722 1184 2755 de
1195 2721 1291 2766 solut.
1306 2725 1338 2756 (ἓν
1356 2717 1477 2752 Selmft.
1495 2714 1623 2748 Medic.
1640 2710 1735 2746 trafl'.
1751 2711 1792 2743 de
1808 2719 1918 2744 novat.
1937 2711 1968 2741 in
1983 2708 2081 2743 verbo
2094 2734 2106 2751 ‚

1141 2770 1332 2804 mandatum
1349 2766 1460 2799 tom.6.
1478 2774 1550 2810 par.
1567 2775 1595 2796 2.
1611 2759 1764 2807 fol.398.
1782 2757 1860 2803 quia
1881 2754 2084 2801 campsorius
2097 2781 2106 2796 ‚

1142 2817 1255 2850 dando
1272 2815 1358 2849 illud
1380 2811 1571 2847 mandatum
1587 2836 1596 2849 ‚
1621 2819 1690 2841 non
1715 2817 1774 2852 per
1797 2807 1863 2839 hoc
1891 2803 2021 2838 abstulit
2038 2803 2056 2837 ὲ
2075 2803 2108 2837 se

1143 2865 1335 2899 facultatem
1362 2858 1514 2896 solvendi
1540 2857 1655 2896 aliter,
1679 2856 1758 2888 alias
1783 2850 2021 2898 sicampsorius
2037 2851 2106 2887 hoc

1144 2925 1210 2947 non
1235 2911 1344 2957 pollet
1359 2937 1368 2950 ,
1387 2909 1551 2944 cambium
1574 2904 1654 2939 esset
1678 2901 1828 2936 illicitum
1843 2926 1851 2940 ,
1865 2910 1923 2945 per
1944 2910 1983 2933 ea
1996 2925 2006 2939 ‚
2023 2911 2106 2946 quae

1143 2959 1249 3005 scripsi
1263 2963 1338 3008 sup.
1357 2963 1396 2999 ,βξ
1410 2970 1436 2990 1.
1459 2968 1488 3001 q.
1505 2968 1538 2996 7.
1551 2955 1625 3001 par.
1645 2964 1675 2996 3.
1697 2952 1830 2984 limina.
1850 2961 1918 2981 n.2.
1941 2947 1985 2981 esi
2003 2947 2107 2992 igitur

1142 3010 1176 3045 in
1199 3009 1360 3043 facultate
1374 3002 1550 3050 utriusque
1566 2999 1745 3034 dissolvere
1758 3006 1963 3031 conventum
1980 2990 2105 3030 recum->-

1142 3058 1232 3090 bium
1254 3068 1261 3090 ;
1290 3058 1314 3101 †
1333 3055 1426 3088 secus
1449 3051 1495 3085 est
1519 3076 1529 3090 ‚
1557 3049 1577 3082 si
1599 3049 1721 3082 littera:
1743 3042 1921 3089 compsorii
1945 3043 2101 3077 mandent

1145 3106 1200 3139 sibi
1227 3104 1283 3150 ipsi
1306 3098 1491 3146 campsorio
1510 3124 1519 3138 ,
1548 3107 1585 3131 ut
1615 3095 1719 3130 solvat
1743 3093 1798 3126 sibi
1823 3091 1879 3137 ipsi
1900 3118 1908 3130 ‚
1931 3100 1969 3125 ut
1997 3091 2029 3124 iii
2055 3091 2102 3125 se—

1143 3153 1254 3187 cunda
1281 3153 1463 3186 litterarum
1487 3143 1632 3180 forn-‚ula
1657 3168 1667 3184 ,
1700 3152 1798 3189 quam
1824 3138 1920 3186 posui
1935 3141 2041 3185 snpra
2068 3141 2100 3185 ς,

1149 3213 1177 3234 ι.
1199 3201 1300 3248 quaest.
1322 3210 1351 3243 ς.
1372 3209 1454 3231 num.
1472 3206 1529 3238 94.
1545 3204 1623 3240 qnia
1641 3192 1718 3225 licet
1734 3199 1816 3224 tunc
1827 3187 2033 3232 compsorius
2049 3187 2105 3220 de-

1142 3249 1229 3283 bitor
1258 3245 1354 3294 poflit
1375 3271 1383 3285 ,
1416 3244 1523 3278 invito
1551 3240 1719 3287 campsore
1743 3263 1753 3277 ‚
1791 3235 1918 3269 solvere
1949 3233 2105 3270 effecun-

1144 3298 1217 3332 liter
1245 3296 1301 3342 ipsi
1326 3290 1487 3338 campsori
1513 3315 1522 3329 ‚
1547 3289 1581 3322 &
1604 3288 1648 3321 sic
1674 3285 1871 3329 extinguere
1902 3283 2067 3316 cambium
2095 3295 2104 3317 :

1143 3355 1252 3380 tamen
1275 3340 1423 3386 campsor
1446 3350 1514 3372 non
1536 3335 1644 3384 potest
1675 3343 1801 3367 mutare
1828 3328 1977 3377 ordinem
1995 3356 2004 3369 .
2022 3342 2107 3366 con-

1143 3402 1272 3426 tentum
1308 3391 1339 3424 in
1365 3387 1486 3422 litteris
1507 3408 1517 3426 ,
1553 3383 1632 3431 quia
1666 3377 1867 3427 campsorins
1903 3377 1949 3412 est
1977 3377 2106 3424 apposi-

1143 3452 1199 3476 tus
1232 3437 1389 3473 solutioni
1415 3461 1424 3475 ,
1460 3432 1567 3481 gratia
1599 3430 1697 3476 ipsius
1729 3423 1903 3472 campsorii
1931 3453 1940 3467 ‚
1971 3427 2031 3473 qui
2059 3425 2106 3459 est

1144 3487 1280 3522 debitor
1311 3483 1428 3520 cambii
1450 3507 1460 3522 ,
1495 3491 1568 3527 quo
1605 3476 1681 3512 casu
1720 3473 1869 3508 creditor
1901 3485 1968 3508 non
1996 3473 2104 3519 potest

1143 3534 1311 3580 adjeflum
1342 3539 1517 3566 removere
1542 3553 1550 3565 ,
1589 3536 1648 3571 per
1675 3534 1712 3557 ea
1744 3548 1754 3563 2
1784 3532 1866 3569 quae
1902 3521 1969 3554 dixi
2001 3523 2104 3566 supra

1142 3586 1176 3629 ξ,
1205 3596 1233 3615 2.
1253 3581 1340 3633 gloff.
1357 3592 1389 3626 7.
1406 3577 1466 3623 sub
1484 3584 1613 3610 numero
1629 3584 1688 3621 77.
1708 3571 1740 3604 ὅ(
1759 3570 1822 3611 sic,
1839 3580 1876 3603 ut
1895 3569 1962 3603 dixi
1976 3595 1984 3608 ‚
1997 3563 2050 3600 'eit
2070 3579 2105 3601 111

1145 3630 1308 3665 electione
1341 3623 1506 3666 debitoris
1534 3620 1715 3657 dissolvere
1742 3626 1947 3652 conventum
1981 3626 2103 3648 tecam-

1635 3667 1779 3713 φο,

1987 3664 2078 3697 bium
2093 3686 2106 3704 ,

2145 2528 2193 2563 70

2141 3067 2185 3106 7'!
