2400 3939
195 219 300 293 378

577 207 933 293 Sigismundi
961 209 1208 266 Scaociae
1239 208 1438 268 Tradi.
1465 210 1540 267 de
1567 213 1862 271 Commer.

193 318 232 340 ex
247 302 408 349 primaeva
423 299 552 334 afflone
565 312 578 342 ·,
592 302 688 347 quod
708 299 788 333 mihi
805 300 941 334 videtur
958 297 1164 346 negandum,
1218 298 1323 333 miffio
1344 326 1353 339 ‚
1380 300 1413 333 ὅ(
1445 299 1692 347 consequenter
1712 301 1847 337 debitor
1872 302 1918 337 est
1949 303 2112 337 liberatus
2130 327 2139 343 ,
2162 312 2201 338 ut

196 352 275 401 quia
296 348 502 397 permutatio
526 348 614 382 adeo
633 349 663 382 in
680 349 749 382 lioc
768 349 813 381 eit
833 348 941 382 fimilis
959 346 1168 387 venditioni,
1219 347 1371 382 scribunt
1402 350 1497 381 Bari.
1525 351 1559 384 ἐφ’
1583 350 1646 382 alii
1663 376 1672 390 ‚
1697 361 1786 396 quos
1804 351 1907 386 citavi
1922 352 2030 399 fitpra
2050 351 2200 396 num.63.

196 412 235 436 ut
260 398 349 432 nulla
372 396 469 445 possit
489 396 558 430 dari
580 397 667 431 ratio
689 396 891 431 diversitatis
918 410 925 431 :
954 407 1060 443 quare
1086 394 1171 430 ficut
1221 395 1256 432 (ν’
1276 396 1342 444 sub
1369 409 1454 430 num.
1480 409 1558 439 ²44·
1588 398 1620 431 δι
1643 397 1725 432 licet
1749 398 1794 432 illi
1821 400 1903 441 alii,
1925 400 1970 434 ibi
1995 401 2014 433 a
2041 410 2096 433 me
2117 398 2201 433 cita-

199 450 232 483 in
254 446 427 493 emptione
448 445 562 491 agitur
583 444 627 478 de
644 444 836 485 evifflone,
861 456 899 480 ut
926 444 994 478 dixi
1008 444 1116 491 supra
1139 446 1172 476 in
1228 443 1254 477 ti
1277 470 1286 485 ‚
1308 444 1492 490 loquantur
1520 457 1551 478 in
1571 445 1720 480 diversis
1746 448 1893 483 terminis
1912 474 1921 487 ‚
1944 458 2052 483 tamen
2075 447 2108 480 in
2127 445 2204 481 sub-

199 499 304 545 primo
319 497 396 542 cafic
411 520 421 536 ,
440 493 484 527 ita
502 493 600 527 etiam
619 492 662 527 de
677 492 848 528 eviftione
863 492 917 539 agi
937 494 1043 528 debet
1056 491 1089 525 in
1104 502 1177 539 per·
1229 492 1350 527 flamia
1375 491 1448 526 sunt
1474 492 1573 527 iidem
1600 506 1612 537 ;
1639 495 1673 528 ὃς
1700 496 1797 542 quod
1819 496 1864 530 ita
1886 496 2037 531 servetur
2059 496 2093 529 in
2123 495 2204 541 qui-

203 554 408 580 mutatione.

1232 539 1372 574 busdam
1401 540 1487 575 locis
1514 568 1523 582 ‚
1555 542 1590 576 δε
1614 544 1754 576 maxime
1782 541 1969 579 Florentiae
1986 571 1996 585 ,
2030 544 2170 579 testatur
2194 569 2204 583 ,

255 591 356 626 Alios
372 589 462 624 duos
479 587 573 624 casus
589 615 598 629 ‚
620 599 710 635 quos
728 588 826 635 ponit
849 588 1180 642 Surd.d.·co.nfil.t45.
1235 587 1293 622 sed
1315 599 1384 623 non
1412 588 1566 636 sequitur
1587 590 1619 623 in
1641 591 1770 636 puncto
1797 592 1880 638 juris
1901 595 1991 641 Aug.
2008 594 2130 626 citatus
2151 604 2205 626 nu.

206 641 266 690 sul>
284 650 374 684 n.34.
393 641 426 673 in
442 640 538 672 tertio
554 664 562 678 ,
580 637 614 674 (ς’
631 647 745 683 quarto
760 638 847 682 casu,
863 639 897 672 ὅ(
914 637 1030 683 colligi
1045 637 1183 683 possunt
1226 637 1302 688 seq.
1328 638 1362 671 &
1379 637 1475 684 quod
1495 638 1552 673 ubi
1569 637 1653 672 sada
1672 638 1718 672 est
1741 640 1912 686 delegatio
1926 667 1935 681 ,
1960 639 2125 687 procedat
2141 639 2206 675 do-

211 703 250 724 ex
279 687 410 733 traditis
429 687 448 720 a
474 688 549 733 Cyn.
569 688 600 718 in
619 685 678 718 l.8.
696 683 889 734 libera.sub
907 698 973 720 n.i.
991 687 1025 720 C.
1047 685 1182 732 desem.

211 740 246 775 (φ
270 736 380 770 interl.
400 746 481 769 omn.
505 734 579 777 jud.
602 744 722 779 nempe
737 759 747 773 ,
773 733 914 780 quando
937 733 1038 768 datur
1057 732 1185 779 species

212 797 276 833 pro
301 794 425 830 genere
440 808 450 823 ,
474 782 529 815 vel
550 793 655 828 genus
676 793 739 828 pro
762 780 872 827 specie
886 809 896 824 ,
925 782 1051 817 omitto
1066 807 1076 823 ,
1102 781 1185 829 quia

213 845 281 869 non
313 830 528 866 satisfaciunt.

265 879 473 914 Subdeclara
497 878 582 912 hanc
608 876 869 925 declarationem
886 876 918 912 in
937 878 1040 924 prima
1065 887 1160 925 parte
1175 903 1185 919 ,

217 930 298 965 dum
324 927 470 961 diximus
494 952 505 968 ‚
532 925 586 972 agi
617 937 685 960 non
711 925 806 972 posse
833 937 872 960 ex
894 927 1055 973 primaeva
1081 926 1188 961 astio-

219 990 261 1013 ne
275 1005 283 1018 ,
305 974 445 1023 quando
469 986 520 1010 res
537 983 647 1009 manet
663 973 751 1008 illius
767 1001 776 1016 ‚
799 973 856 1007 cui
878 975 923 1008 est
948 974 1025 1011 data
1040 1001 1049 1016 ‚
1066 986 1106 1010 ut
1119 975 1190 1009 hoc

220 1039 288 1062 non
318 1025 357 1059 fit
381 1035 497 1059 verum
516 1049 526 1064 ‚
552 1022 692 1069 quando
709 1023 743 1057 id
756 1050 766 1064 ‚
787 1022 886 1069 quod
906 1022 1004 1058 datur
1020 1049 1030 1063 ,
1049 1024 1104 1057 seu
1126 1023 1190 1058 sol-

222 1074 336 1114 vitur,
361 1073 407 1106 est
433 1072 640 1118 reprobum,
664 1081 704 1106 ut
722 1081 804 1116 puta
822 1097 831 1110 ‚
856 1071 937 1118 quia
965 1071 1101 1107 debitor
1128 1071 1190 1106 sol-

223 1123 274 1158 vit
298 1122 462 1167 reprobos
478 1130 651 1159 nummos,
670 1120 750 1167 quia
767 1129 850 1153 tunc
863 1131 897 1153 re
915 1121 1060 1166 reproba
1077 1119 1191 1155 datori

224 1171 376 1205 restituta
392 1196 401 1209 ‚
423 1167 537 1214 potest
555 1167 609 1213 agi
629 1178 667 1200 ex
682 1167 814 1202 afflone
835 1167 1014 1214 primaeva,
1029 1180 1106 1202 cum
1125 1180 1192 1202 non

224 1219 361 1253 dicatur
381 1216 528 1252 solutum
543 1241 554 1257 ,
578 1215 602 1249 l.
620 1228 674 1257 24.
698 1216 875 1265 eleganter.
895 1218 927 1263 ς,
945 1219 999 1264 qui
1014 1215 1166 1266 reprobos
1183 1241 1193 1257 ,

215 1269 257 1313 ff.
286 1267 327 1300 de
349 1268 438 1314 pigri.
461 1264 528 1300 aff.

274 1314 320 1349 Et
343 1312 401 1348 hic
425 1313 488 1348 erit
504 1322 647 1360 quartus
665 1311 759 1346 casus
776 1338 784 1354 ,
802 1311 836 1346 in
857 1324 930 1360 quo
951 1314 1061 1360 potest
1076 1312 1130 1358 agi
1155 1324 1194 1346 ex

224 1364 389 1411 primaeva
413 1361 568 1402 afflone,
596 1360 651 1395 sed
670 1361 716 1395 est
735 1371 826 1395 extra
854 1361 1015 1396 terminos
1036 1360 1195 1395 secundae

226 1412 331 1460 partis
358 1409 596 1444 declarationis
614 1435 624 1451 ,
653 1409 734 1458 quia
759 1408 823 1444 isso
854 1409 931 1444 casu
960 1421 1010 1444 res
1037 1410 1114 1444 data
1139 1409 1195 1443 seu

230 1460 339 1496 soluta
363 1470 433 1493 non
457 1457 502 1492 est
525 1457 644 1493 ενὶἃε.

281 1505 430 1542 Effestus
456 1506 574 1541 tertius
595 1532 604 1546 ,
627 1505 688 1553 qui
721 1506 866 1543 infertur
893 1519 932 1541 ex
969 1507 1099 1542 ratione
1119 1533 1128 1545 ,
1156 1505 1199 1539 tle

232 1568 300 1605 qua
316 1558 422 1603 supra
446 1567 532 1588 num.
553 1556 630 1598 289.
656 1554 703 1588 est
720 1581 728 1595 ,
754 1555 851 1601 quod
879 1555 1015 1590 debitor
1031 1582 1040 1596 ,
1065 1555 1122 1601 qui
1143 1554 1199 1587 de-

234 1605 386 1651 legavit,
416 1614 483 1637 non
513 1613 645 1637 tenetur
673 1604 831 1649 praestare
853 1631 863 1645 ‚
892 1604 1079 1638 debitorem
1109 1603 1200 1636 dee-

234 1664 350 1702 gatum
381 1651 444 1685 esse
467 1651 674 1697 locupletem
692 1677 702 1691 ‚
727 1652 761 1685 ὃς
786 1652 951 1687 solvendo
970 1665 983 1695 ;
1010 1652 1102 1685 unde
1123 1651 1202 1685 licet

236 1703 296 1736 ille
313 1699 448 1734 debitor
465 1699 641 1746 delegatus
661 1699 768 1734 statim
795 1700 971 1736 decoxerit
987 1727 996 1740 ‚
1015 1709 1124 1734 tamen
1144 1699 1203 1733 de-

236 1751 351 1796 legans
367 1747 413 1781 est
439 1748 598 1782 liberatus
611 1775 620 1788 ,
637 1748 733 1781 Surd.
753 1748 787 1782 d.
800 1749 903 1794 coiifil.
918 1759 993 1793 145.
1016 1750 1124 1795 scipio.
1141 1747 1204 1793 snb

236 1812 322 1832 mim.
353 1809 408 1830 21.
430 1795 486 1831 lib.
523 1809 551 1830 ι.
573 1807 646 1831 nam
671 1796 815 1841 imputet
846 1797 902 1831 sibi
929 1797 1079 1831 creditor
1102 1822 1111 1837 ,
1144 1796 1204 1842 qui

237 1847 319 1882 loco
351 1844 531 1879 solutionis
566 1844 759 1889 acceptavit
792 1845 876 1880 illud
905 1857 1025 1879 nomen
1055 1844 1085 1878 in
1118 1844 1205 1877 solu-

238 1904 312 1930 tum
341 1920 352 1935 ,
383 1893 477 1927 Surd.
510 1892 564 1926 ubi
576 1895 653 1940 sup.
677 1893 737 1938 [ιώ
763 1906 849 1930 num.
884 1894 935 1928 18.
957 1893 1043 1938 vers.
1069 1892 1207 1939 secundo

240 1945 332 1991 quia.
359 1943 392 1976 &
415 1940 496 1975 facit
514 1940 556 1975 ad
575 1940 643 1975 hoc
658 1967 667 1981 ‚
693 1942 791 1987 quod
817 1942 861 1976 de
878 1952 1065 1977 mercatore
1089 1951 1208 1986 accep-

240 2002 313 2026 tato
341 2002 404 2036 pro
432 1989 613 2030 debitore,
645 1990 679 2023 ὅ(
707 1989 884 2036 fugiente,
913 1990 970 2024 seu
998 1998 1177 2036 rumpente
1198 2014 1209 2028 ,

241 2040 378 2073 secutus
405 2037 473 2071 sum
494 2039 600 2086 supra
623 2038 686 2084 sub
710 2050 795 2073 num.
821 2052 901 2082 244.
926 2040 960 2073 ὃς
979 2037 1084 2079 facit,
1111 2035 1210 2084 quod

243 2086 351 2133 scripsi
378 2089 410 2120 in
438 2087 505 2133 seq.
530 2097 644 2133 quarto
669 2087 782 2132 effefsu
807 2099 820 2130 ς
846 2097 980 2122 tenetur
1005 2098 1089 2133 ergo
1119 2084 1212 2119 dele-

244 2148 329 2185 gans
357 2134 516 2181 praestare
541 2133 648 2169 solum
670 2161 680 2175 ‚
715 2134 905 2171 debitorem
933 2134 1127 2181 delegatum
1150 2132 1213 2167 esse

246 2195 362 2219 verum
385 2182 574 2217 debitorem
602 2182 791 2229 delegantis
809 2210 818 2224 ,
847 2195 886 2219 ut
914 2182 1050 2218 secutus
1073 2183 1141 2216 sum
1154 2183 1213 2228 su-

241 2243 307 2280 pra
336 2232 371 2267 d.
398 2244 483 2265 num.
511 2231 591 2275 283.
621 2230 669 2265 Et
695 2232 793 2278 quod
816 2232 838 2266 si
867 2231 1003 2266 debitor
1029 2242 1105 2265 cum
1128 2229 1212 2264 fide-

245 2280 375 2329 jussore
402 2279 461 2313 det
490 2279 653 2314 creditori
685 2291 752 2314 rem
779 2280 925 2328 aliquam
959 2280 991 2314 in
1024 2279 1173 2314 solutum

247 2340 329 2376 quae
356 2327 470 2374 postea
494 2327 671 2362 evincatur
694 2355 704 2369 ,
731 2340 797 2363 non
827 2328 925 2376 poffit
950 2327 1100 2362 creditor
1123 2354 1132 2368 ,
1166 2327 1214 2360 se-

247 2388 328 2412 cuta
348 2375 516 2410 evictione
532 2402 541 2418 ,
565 2375 741 2410 molestare
762 2376 990 2424 fidejussorem
1005 2388 1016 2420 3
1031 2375 1111 2424 quia
1128 2375 1215 2409 affio

248 2425 411 2471 primaeva
440 2422 506 2459 fuit
528 2423 670 2461 extinsta
689 2451 698 2466 ,
723 2426 757 2460 &
783 2436 965 2473 propterea
991 2423 1089 2471 quod
1114 2423 1135 2458 si
1156 2423 1215 2457 de-

248 2474 340 2508 bitor
365 2484 433 2507 non
450 2471 531 2507 esset
554 2472 716 2508 solvendo
731 2501 741 2515 ,
768 2474 896 2508 nullum
915 2473 1098 2507 remedium
1123 2484 1214 2507 com-

250 2531 383 2569 peteret
403 2520 567 2554 creditori
589 2532 707 2556 contra
727 2522 939 2569 fidejussores
956 2534 966 2563 ς
982 2522 1014 2555 &
1037 2522 1117 2555 ideo
1134 2531 1216 2554 cau-

251 2570 317 2606 tela
332 2568 512 2604 creditoris
528 2568 566 2604 si't
580 2595 589 2609 ‚
612 2579 650 2603 ut
667 2571 832 2617 recipieris
850 2569 978 2616 aliquid
997 2570 1030 2604 in
1047 2568 1193 2604 solutum
1205 2595 1214 2608 ‚

251 2617 392 2664 recipiat
416 2627 493 2651 cum
518 2616 744 2652 reservatione
767 2622 800 2654 &
825 2617 1092 2665 protestatione,
1119 2616 1218 2664 quod

250 2677 311 2714 per
336 2665 506 2700 dationem
535 2677 605 2700 non
638 2666 783 2703 intendit
817 2666 976 2700 recedere
1000 2667 1018 2699 a
1043 2664 1219 2712 principali

251 2713 487 2760 obligatione,
512 2714 546 2747 &
569 2714 767 2760 hypotheca
785 2742 795 2757 ‚
818 2715 967 2749 scribunt
987 2715 1041 2748 Gi.
1060 2715 1122 2748 ult.
1142 2718 1175 2747 in
1194 2714 1217 2747 l.

253 2763 287 2796 8.
309 2762 417 2796 libera
441 2764 475 2797 (9'
499 2762 546 2795 ibi
571 2765 649 2808 Cyn.
675 2766 765 2798 initio
785 2791 794 2805 ,
817 2765 912 2797 Bart.
930 2765 1002 2810 sup.
1025 2775 1154 2796 numero
1165 2764 1219 2807 se-

254 2810 359 2844 tundo
377 2810 423 2844 ibi
438 2836 446 2850 ,
470 2813 574 2856 primo
595 2811 658 2844 hic.
686 2813 794 2856 Salyc.
811 2811 870 2858 [¹¹1⁴
890 2823 1012 2845 numa.
1032 2813 1066 2845 C.
1081 2809 1219 2857 desem.

255 2859 290 2895 (ἴ
316 2859 427 2893 interl.
444 2858 508 2894 &a
525 2859 559 2895 &³
577 2858 673 2894 Surd.
690 2861 761 2895 eod.
778 2860 882 2906 consil.
908 2859 1059 2906 145.sub
1073 2870 1220 2903 mmt.23.

255 2909 342 2950 verfi
366 2907 530 2953 postrema.

174 2977 239 3009 ²92
305 2953 456 2989 Effestus
479 2964 621 3001 quartus
643 2955 691 2988 est
708 2982 717 2995 ‚
744 2955 842 3003 quod
868 2954 1054 3002 periculum
1080 2954 1222 2989 nominis

258 3003 424 3038 debitoris
447 3002 621 3050 delegati,
642 3002 677 3037 id
700 3003 746 3037 est
760 3031 770 3042 .,
793 3004 862 3039 dati
888 3003 920 3037 in
943 3002 1105 3038 soluetum
1121 3029 1130 3041 ,
1150 3003 1222 3049 spe-

260 3052 326 3086 &at
342 3051 385 3085 ad
403 3051 605 3086 creditorem
619 3079 628 3093 ,
645 3052 699 3086 cui
720 3050 803 3086 faeta
827 3052 874 3086 est
894 3051 1068 3097 delegatio
1081 3078 1090 3092 ‚
1109 3052 1221 3088 Franc.

261 3101 338 3134 Bec.
358 3102 440 3146 confi
463 3111 538 3143 ¹05·
555 3102 700 3136 Ioannes
713 3101 778 3145 sub
800 3114 885 3134 num.
907 3101 958 3134 18.
976 3101 1011 3136 (ῥ’
1031 3112 1083 3143 ¹9·
1110 3100 1144 3136 <5
1158 3099 1222 3146 sub

261 3159 407 3193 num-35·
427 3149 460 3181 &
477 3147 554 3189 alii,
583 3159 673 3196 quos
692 3149 772 3184 citat
795 3150 828 3183 δέ
850 3148 1002 3195 sequitur
1022 3147 1120 3184 Surd.
1139 3150 1221 3195 cons.

266 3207 341 3239 145.
362 3199 472 3243 scipio.
492 3209 585 3232 n.20.
608 3199 640 3230 in
663 3198 790 3231 ultimis
805 3197 940 3237 verbis,
967 3197 1002 3232 &
1024 3208 1130 3230 num.2
1142 3208 1168 3228 ι.
1187 3196 1228 3232 &⁷

253 3244 319 3292 snb
341 3239 424 3279 iia-i.
444 3247 529 3292 vers.
547 3256 605 3278 non
626 3248 726 3278 etiam
747 3245 833 3283 lib.1.
853 3246 900 3280 Et
916 3245 992 3279 haec
1010 3245 1054 3278 de
1071 3242 1222 3278 secundo

263 3290 339 3325 casu
368 3292 600 3339 pofitofiepra
627 3294 744 3327 n.280.

178 3357 242 3392 ²93
312 3340 450 3374 Tertius
471 3340 567 3375 casus
591 3340 661 3381 esi,
681 3340 818 3387 qnando
835 3352 902 3387 ego
925 3341 1061 3376 debitor
1076 3351 1156 3376 tuus
1179 3338 1223 3373 de

262 3388 360 3423 scutis
391 3401 467 3422 που.
497 3388 619 3422 mando
647 3389 758 3424 Ceulo
790 3389 974 3434 campsori‚
997 3389 1094 3436 quod
1118 3387 1224 3422 solvat

262 3436 324 3471 tibi
349 3436 401 3470 vel
430 3437 605 3480 promittat
623 3449 684 3483 pro
706 3449 783 3477 me,
809 3437 930 3484 &ipse
956 3437 1124 3484 promittit
1155 3447 1164 3469 ε
1191 3437 1224 3470 &

263 3484 328 3518 isto
343 3484 417 3518 casu
436 3484 457 3517 fi
479 3485 608 3519 Ceulus
625 3485 774 3531 campsor
791 3485 850 3531 qui
868 3485 1036 3530 promittit
1051 3511 1060 3523 .
1084 3484 1142 3519 fiat
1157 3495 1226 3518 non

264 3532 430 3566 solvendo
454 3559 462 3570 ,
486 3530 622 3579 fugiat,
649 3532 704 3568 seu
726 3533 802 3568 foro
828 3533 928 3568 cedat
950 3560 959 3574 ,
985 3534 1161 3569 dubitatur
1183 3531 1226 3566 ad

263 3592 366 3626 quem
390 3580 511 3625 spe-&et
535 3580 720 3625 periculum
735 3608 744 3621 ‚
764 3582 797 3615 &
816 3581 882 3622 fic,
902 3594 942 3615 an
967 3582 1106 3616 debitor
1130 3581 1168 3615 sit
1191 3580 1227 3614 li-

265 3630 402 3662 beratus
418 3655 426 3668 ,
447 3629 480 3663 &
501 3627 581 3662 duae
603 3628 886 3664 circumferuntur
907 3630 1097 3675 opiniones.

316 3675 422 3710 Prima
445 3675 561 3722 opinio
578 3675 623 3709 est
638 3702 646 3716 ,
664 3677 761 3723 quod
786 3676 942 3712 damnum
956 3677 993 3712 sit
1012 3688 1106 3713 tuum
1123 3705 1132 3718 ,
1149 3677 1231 3725 quia

268 3724 455 3772 periculum
480 3723 604 3770 speetat
620 3724 662 3759 ad
676 3724 878 3760 creditorem
894 3754 902 3767 ,
918 3726 973 3761 cui
990 3725 1074 3761 fasta
1089 3726 1136 3761 est
1153 3739 1230 3773 pro-

148 1521 210 1553 291

1239 683 1342 720 &rina
1366 685 1495 720 Bartoli
1510 714 1518 726 ‚
1543 686 1589 721 ita
1608 697 1645 720 ut
1664 686 1798 722 debitor
1812 714 1822 727 ,
1841 689 1901 737 qui
1921 688 2063 723 dedisset
2078 688 2208 722 litteras

1240 733 1362 768 cambii
1377 760 1387 775 ,
1413 734 1451 768 fit
1471 734 1632 769 liberatus
1646 761 1657 776 ‚
1673 735 1766 769 sensit
1782 748 1896 782 aperte
1916 741 1989 773 Rot.
2005 735 2207 771 diversam

1240 792 1323 826 445.
1337 784 1371 816 in
1385 784 1484 828 causa
1506 786 1538 816 in
1550 782 1619 824 fine
1632 808 1642 823 ‚
1665 784 1813 827 versicul.
1835 797 1875 819 ne
1893 786 2030 821 dicatur
2045 796 2100 829 ²3-
2119 785 2209 818 Maii

1241 840 1265 911 ἑ
1269 839 1347 875 593.
1373 843 1483 911 egram
1505 832 1640 868 R.P.D.
1663 831 1797 879 Gypfio,
1829 835 1914 868 inter
1934 832 2099 881 impreffin
2118 833 2207 880 Lug-

1267 890 1322 912 um
1364 891 1377 912 ι
1413 891 1463 912 12.

1292 926 1505 962 Contrariam
1529 928 1724 975 opinionem
1751 955 1762 971 ,
1787 941 1855 964 non
1880 928 2058 976 allegando
2085 928 2210 964 Barto-
2229 941 2296 976 ²9⁴

1242 973 1313 1010 lum
1330 1003 1339 1018 ‚
1359 985 1453 1011 tenet
1473 979 1563 1024 Ang.
1581 981 1613 1012 r'n
1628 979 1652 1012 l.
1674 978 1728 1022 58.
1752 981 1806 1024 qui
1830 977 2063 1025 usitmfrufl‘um
2081 989 2212 1011 numero

1244 1035 1277 1057 2.
1284 1023 1326 1070 ff
1345 1024 1387 1057 de
1400 1024 1494 1061 verb.
1514 1025 1612 1075 oblig.
1636 1025 1752 1060 dicens
1769 1052 1779 1067 ,
1802 1026 1901 1072 quod
1920 1025 2035 1060 falsum
2053 1023 2211 1066 credunt,

1245 1073 1306 1119 qui
1329 1071 1360 1106 se
1385 1073 1544 1108 liberatos
1575 1073 1759 1109 existimant
1792 1075 1833 1108 ab
1863 1073 2075 1121 obligatione
2094 1098 2105 1115 ‚
2132 1083 2213 1107 cum

1246 1131 1305 1166 per
1324 1119 1556 1156 mensularium
1570 1149 1580 1163 ,
1607 1123 1661 1156 vel
1685 1122 1902 1157 bancherium
1919 1149 1929 1164 ,
1949 1121 1985 1157 id
2009 1121 2057 1156 est
2072 1147 2082 1163 ,
2101 1132 2214 1167 camp-

1247 1167 1354 1203 sorem
1379 1169 1533 1215 promitti
1560 1170 1688 1205 faciunt
1709 1171 1795 1205 illarn
1817 1171 1995 1217 pecuniam
2024 1169 2217 1212 creditori3

1246 1217 1328 1262 quia
1345 1217 1476 1264 inquit,
1498 1229 1576 1252 cum
1595 1219 1673 1254 haec
1691 1219 1838 1253 secunda
1860 1217 2030 1266 promiffio
2045 1230 2113 1252 non
2130 1229 2216 1253 con-

1248 1265 1351 1300 tineat
1379 1265 1456 1313 plus
1473 1292 1482 1306 ,
1512 1277 1613 1312 quam
1643 1267 1746 1314 prima
1764 1294 1774 1309 ,
1800 1279 1868 1302 non
1890 1266 2088 1313 intelligitur
2108 1267 2152 1301 ab
2176 1276 2216 1299 ea

1248 1312 1409 1347 recessum
1432 1314 1464 1348 in
1493 1314 1600 1350 dubio
1626 1327 1640 1359 ·‚
1666 1316 1824 1363 hancque
1848 1316 1987 1350 eandem
2017 1313 2215 1361 opinionem

1242 1361 1344 1409 ‘sequi
1369 1362 1505 1398 videtur
1526 1389 1536 1404 ,
1561 1363 1620 1398 fibi
1647 1375 1761 1410 parum
1786 1364 1940 1398 conflans
1963 1365 2058 1397 Bari.
2080 1365 2114 1396 in
2133 1362 2218 1408 cons.

1251 1423 1309 1453 99.
1336 1413 1452 1445 tertius
1476 1410 1513 1444 li.
1545 1424 1576 1445 2.
1599 1411 1716 1446 dicens
1740 1412 1836 1460 quod
1862 1411 1884 1445 si
1910 1411 2030 1446 tertius
2049 1408 2218 1456 promittit

1253 1458 1334 1492 mihi
1359 1458 1447 1492 illud
1468 1485 1478 1500 ,
1508 1459 1607 1506 quod
1632 1459 1750 1495 Titius
1774 1461 1854 1495 dare
1878 1460 2024 1495 debebat
2055 1457 2124 1505 ipse
2155 1468 2221 1492 ter-

1256 1506 1323 1540 tius
1351 1507 1502 1542 censetur
1524 1507 1700 1555 fidejussor
1718 1535 1729 1551 ,
1756 1509 1816 1556 qui
1845 1519 2024 1555 propterea
2049 1505 2226 1543 conveniri

1257 1566 1326 1589 non
1352 1555 1464 1602 potest
1481 1582 1490 1596 ,
1518 1568 1587 1591 non
1615 1557 1708 1604 prius
1730 1557 1868 1591 excusso
1888 1556 1988 1591 'l'itio
2016 1554 2189 1601 principali
2210 1567 2224 1598 ;

1256 1603 1335 1649 quia
1352 1615 1409 1649 per
1424 1603 1512 1638 hanc
1525 1606 1614 1640 tertii
1636 1605 1881 1650 promissionem
1896 1616 1963 1639 non
1979 1605 2133 1638 censetur
2149 1602 2224 1636 sub-
2286 1620 2290 1622 >

1257 1651 1322 1685 lata
1347 1653 1449 1698 prima
1471 1652 1558 1687 astio
1579 1681 1588 1695 ,
1616 1653 1673 1687 nisi
1697 1654 1848 1700 expresse
1871 1652 2006 1687 dicatur
2030 1664 2042 1695 ;
2067 1652 2226 1698 hancque

1258 1700 1452 1745 opinionem
1484 1700 1670 1748 sequuntur
1692 1701 1725 1735 in
1749 1701 1869 1736 effeklu
1892 1701 1992 1735 Paul.
2017 1701 2060 1734 de
2085 1699 2170 1745 Cast.
2192 1702 2226 1733 in

1259 1749 1297 1784 d.
1321 1748 1343 1782 l.
1366 1751 1596 1797 usumfruffum
1612 1749 1674 1796 sub
1697 1762 1782 1784 num.
1811 1764 1839 1795 3.
1858 1763 1887 1797 q.
1904 1751 1964 1784 ult.
1989 1749 2022 1782 &
2048 1747 2146 1782 multi
2170 1747 2226 1781 alii

1259 1808 1351 1843 quos
1368 1797 1451 1832 citat
1473 1797 1555 1841 Affl.
1573 1798 1728 1843 dec.353.
1750 1797 1923 1845 dubiafirb
1943 1808 2062 1831 numa..
2079 1796 2114 1832 ό
2137 1808 2167 1841 3.
2188 1795 2226 1829 li-

1259 1856 1314 1878 cet
1336 1843 1404 1890 ipse
1424 1845 1506 1879 nihil
1528 1846 1728 1881 determinet
1753 1873 1762 1886 ‚
1793 1848 1827 1881 &
1852 1847 1893 1880 ab
1922 1845 1984 1880 hac
2009 1844 2173 1891 opinione
2195 1844 2229 1877 in

1261 1892 1385 1927 <affeetu
1419 1904 1489 1928 non
1528 1895 1666 1929 videtur
1691 1893 1864 1929 discedere
1898 1896 2040 1929 Mantit-
2066 1892 2162 1926 rraht.
2187 1892 2230 1926 de

1261 1941 1391 1985 conjeft.
1414 1943 1474 1976 ult.
1495 1943 1621 1976 volunt.
1641 1942 1678 1977 li.
1704 1954 1716 1975 1
1729 1955 1756 1977 ι.
1773 1946 1878 1989 rit.i7.
1897 1945 1931 1976 in
1951 1941 2014 1982 fine
2031 1967 2040 1982 ,
2055 1941 2121 1988 sub
2142 1951 2231 1976 num..

1265 2000 1319 2035 35.
1344 1989 1460 2025 dicens
1480 1990 1615 2037 plurimi
1640 1989 1767 2024 referre
1783 2018 1791 2032 ,
1816 1989 1962 2038 qualiter
1987 1990 2088 2023 verba
2104 1987 2230 2024 fuerint

1264 2049 1431 2084 concepta
1449 2066 1458 2081 ,
1480 2039 1559 2086 quia
1583 2038 1694 2086 inquit
1711 2065 1721 2080 ‚
1750 2039 1772 2072 fi
1797 2039 1956 2079 dicatur,
1981 2037 2028 2071 do
2046 2036 2108 2072 tibi
2130 2036 2232 2071 talem

1264 2087 1488 2133 argentarium
1509 2099 1571 2133 pro
1600 2098 1653 2120 me
1667 2113 1676 2128 ‚
1697 2088 1730 2121 δε
1756 2098 1794 2122 tu
1814 2097 1971 2133 acceptas
1988 2113 1997 2126 ,
2023 2085 2093 2119 sum
2114 2084 2232 2119 libera-

1265 2145 1321 2170 tus
1345 2134 1471 2178 3secus
1489 2135 1510 2168 si
1535 2135 1669 2170 dicatur
1691 2163 1700 2176 ,
1728 2136 1776 2170 do
1805 2136 1901 2170 talem
1917 2134 2142 2180 argentarium
2168 2145 2232 2180 pro

1263 2193 1354 2218 tanta
1370 2184 1561 2234 quantitate
1574 2210 1583 2223 ,
1606 2184 1658 2217 vel
1675 2195 1816 2231 propter
1830 2195 1908 2227 me;
1931 2183 1965 2217 δε
1987 2181 2140 2224 eiusdem
2155 2183 2231 2228 opi-

1263 2232 1373 2266 nionis
1397 2231 1532 2266 videtur
1563 2231 1662 2266 fuisse
1691 2233 1770 2268 Bal.
1797 2235 1830 2266 in
1852 2233 1935 2279 cons.
1965 2231 2122 2278 348.seu
2150 2241 2229 2275 349.

1203 2304 1212 2319 ,
1256 2281 1357 2327 faHae
1371 2281 1510 2327 fuerunt
1521 2280 1586 2327 fitb
1601 2292 1687 2315 num.
1694 2293 1724 2326 3.
1745 2280 1794 2315 ibi
1808 2307 1818 2321 ,
1833 2281 1976 2327 amplius
1992 2279 2159 2319 sciendum
2173 2279 2229 2319 est,

1265 2330 1302 2363 li.
1327 2341 1355 2362 ι.
1383 2329 1500 2364 dicens
1525 2328 1623 2376 quod
1645 2329 1667 2362 si
1692 2329 1791 2364 datur
1810 2327 1961 2374 campsor
1983 2326 2168 2366 creditori,
2191 2336 2232 2361 ut

1265 2377 1372 2412 solvat
1387 2403 1396 2418 ,
1422 2378 1456 2411 δε
1479 2389 1547 2412 non
1565 2377 1612 2410 est
1634 2377 1742 2412 afiurn
1757 2404 1767 2419 ,
1790 2376 1888 2425 quod
1905 2375 2040 2410 debitor
2062 2374 2229 2420 intelliga-

1264 2436 1320 2460 tur
1347 2425 1507 2460 liberatus
1532 2452 1541 2467 ,
1571 2424 1627 2460 sed
1655 2425 1701 2459 est
1723 2425 1823 2460 datus
1853 2424 2044 2471 fimpliciter
2070 2432 2154 2457 tunc
2180 2422 2233 2457 est

1266 2474 1374 2508 astum
1406 2473 1513 2508 solum
1540 2473 1585 2508 de
1615 2473 1825 2520 obligatione
1847 2484 1952 2507 novae
1978 2471 2132 2517 personae
2159 2496 2169 2512 ,
2198 2471 2234 2506 δε

1267 2521 1346 2556 ideo
1368 2521 1467 2557 durat
1489 2522 1654 2557 creditori
1675 2522 1763 2557 aftio
1787 2521 1916 2568 prima3
1934 2522 1968 2556 δε
1983 2520 2042 2554 isla
2062 2517 2233 2566 promissio

1267 2569 1447 2616 'campsoris
1476 2570 1524 2605 est
1554 2570 1641 2604 sicut
1670 2570 1829 2606 sententia
1860 2569 1990 2617 liquida
2012 2594 2022 2609 ,
2050 2579 2111 2614 per
2129 2578 2233 2615 quam

1268 2631 1336 2653 non
1360 2618 1487 2653 dicitur
1510 2617 1709 2653 satisfaetum
1723 2645 1733 2661 ,
1753 2630 1832 2653 cum
1848 2618 1949 2652 duret
1963 2617 2063 2656 aetio,
2081 2616 2115 2650 &
2135 2614 2234 2652 subsi-

1267 2667 1328 2701 ssat
1348 2666 1500 2701 debiturn
1518 2668 1578 2710 3&
1594 2667 1709 2714 postea
1729 2666 1842 2701 subdit
1855 2693 1865 2707 ,
1887 2664 1986 2713 quod
2007 2664 2067 2698 iste
2083 2662 2234 2712 campsot

1270 2714 1391 2749 offerat
1414 2715 1434 2748 a
1457 2714 1625 2761 principio
1644 2741 1653 2756 ‚
1679 2715 1732 2749 vel
1753 2715 1870 2761 postea
1889 2714 2061 2749 diceretur
2087 2724 2128 2747 ex
2150 2722 2235 2748 tunc

1267 2763 1352 2797 faeta
1366 2764 1508 2798 novatio
1525 2789 1534 2804 ‚
1552 2765 1586 2798 &
1603 2763 1648 2797 sic
1663 2764 1788 2809 primus
1809 2761 1945 2797 debitor
1963 2761 2046 2797 estet
2060 2760 2233 2796 liberatus.

1319 2811 1420 2855 Quid
1436 2811 1620 2846 dicendum
1635 2809 1648 2846 ζ
1662 2812 1761 2846 Paul.
1782 2810 1825 2844 de
1847 2811 1928 2856 Cast.
1947 2810 2003 2844 ubi
2014 2811 2090 2858 step.
2112 2808 2171 2844 etfi
2185 2807 2234 2844 se-

1270 2872 1392 2910 quatur
1416 2860 1501 2893 hanc
1526 2858 1726 2894 contrariam
1747 2858 1946 2904 opinionem
1963 2883 1973 2899 ‚
2002 2867 2042 2893 ut
2068 2857 2161 2897 dixi,
2185 2867 2235 2893 ta-

1270 2921 1345 2944 men
1368 2907 1546 2954 distinguit
1571 2933 1581 2948 ‚
1607 2907 1706 2955 quod
1733 2907 1787 2941 vel
1810 2907 1872 2942 iste
1896 2905 2027 2941 Ceulus
2046 2905 2197 2952 campsor
2223 2931 2235 2947 ,

1271 2958 1331 3005 qui
1356 2956 1525 3003 promittit
1548 2955 1609 2990 tibi
1632 2967 1694 3002 pro
1715 2967 1769 2989 me
1783 2981 1792 2996 ,
1815 2967 1883 2990 non
1898 2953 2042 2990 habebat
2057 2953 2236 3000 pecuniam

1272 3017 1376 3040 meam
1393 3031 1402 3045 ,
1429 3005 1463 3039 &
1482 3004 1527 3038 fic
1545 3015 1613 3038 non
1634 3012 1705 3038 erat
1723 3003 1860 3039 debitor
1875 3013 1970 3038 meus
1983 3014 1996 3045 ;
2009 3003 2044 3037 &
2064 3011 2148 3037 tunc
2166 3013 2238 3037 non

1270 3053 1308 3088 fit
1325 3052 1468 3087 novatio
1482 3078 1492 3093 ‚
1513 3053 1548 3087 ἀ
1569 3051 1819 3100 consequenter
1839 3062 1908 3098 ego
1923 3050 2059 3085 debitor
2077 3061 2146 3084 nori
2163 3049 2236 3084 sum

1271 3102 1428 3136 liberatus
1446 3128 1456 3141 ,
1482 3101 1563 3148 quia
1586 3100 1640 3134 ille
1664 3098 1814 3147 campsor
1834 3100 1881 3134 est
1902 3096 2208 3146 soiumfidejussor
2222 3123 2235 3138 ,

1271 3159 1390 3185 contra
1414 3160 1516 3197 quem
1534 3148 1647 3196 potest
1669 3149 1723 3195 agi
1750 3148 1847 3184 etiam
1867 3158 1921 3181 me
1944 3146 2103 3182 debitore
2116 3172 2126 3187 ‚
2145 3145 2236 3193 prin-

1272 3198 1372 3244 cipali
1397 3209 1464 3231 non
1489 3196 1626 3232 excusso
1647 3223 1657 3237 ,
1684 3205 1826 3242 propter
1853 3195 1954 3230 fidem
1978 3221 1987 3236 ‚
2014 3205 2116 3243 quern
2139 3193 2238 3228 adhi-

1272 3247 1371 3280 betur
1386 3246 1506 3280 talibus
1520 3244 1714 3291 argentariis
1734 3243 1891 3291 publicis,
1907 3244 2063 3290 hancque
2075 3240 2238 3277 excussio-

1274 3306 1347 3328 nem
1370 3293 1562 3340 principalis
1575 3293 1740 3328 debitoris
1760 3304 1828 3327 non
1848 3291 1915 3327 esse
1936 3290 2148 3326 necessariam
2163 3316 2174 3331 ,
2191 3289 2239 3323 se-

1273 3343 1393 3389 quitur
1414 3355 1453 3375 ex
1479 3342 1532 3375 Gl.
1552 3342 1662 3388 penul.
1686 3343 1720 3374 in
1742 3341 1841 3375 verbo
1858 3367 1868 3381 ,
1890 3340 2051 3375 moderno.
2073 3338 2179 3373 Auth.
2195 3337 2256 3371 dev

1266 3391 1403 3435 fidejus.
1425 3393 1456 3423 in
1477 3389 1512 3430 fi.
1539 3390 1651 3426 coll.i.
1672 3387 1729 3422 sed
1753 3388 1814 3422 isle
1831 3389 1962 3423 Ceulus
1977 3414 1988 3429 ,
2009 3387 2069 3434 qui
2088 3384 2239 3434 promisit

1275 3451 1338 3485 pro
1354 3450 1405 3473 me
1421 3465 1429 3479 ‚
1454 3449 1521 3471 non
1541 3437 1623 3472 esset
1641 3437 1850 3483 argentarius
1865 3463 1875 3478 ,
1891 3447 1974 3472 tunc
1989 3434 2147 3470 adversus
2160 3444 2239 3466 eum

1276 3487 1330 3533 agi
1346 3498 1413 3521 non
1429 3484 1550 3531 posset,
1567 3485 1624 3520 nisi
1637 3487 1728 3531 prius
1739 3483 1893 3520 excussus
1905 3483 2003 3518 essem
2018 3494 2086 3529 ego
2104 3480 2240 3515 debitor

1277 3535 1478 3581 principalis.
1499 3533 1564 3570 Vel
1578 3533 1638 3567 iste
1657 3532 1820 3579 campsor,
1839 3532 1899 3580 qui
1918 3531 2065 3579 promisit
2084 3540 2148 3575 pro
2161 3540 2215 3563 me
2227 3554 2239 3571 ,

1279 3583 1423 3617 habebat
1441 3592 1544 3616 meam
1563 3580 1749 3627 pecuniam,
1769 3581 1804 3614 δε
1824 3580 1868 3615 fic
1883 3590 1953 3614 erat
1968 3590 2061 3613 meus
2078 3577 2213 3612 debitor
2227 3603 2240 3618 ,

1280 3633 1312 3666 &
1327 3629 1416 3677 jussu
1431 3641 1506 3663 meo
1525 3628 1674 3676 promisit
1694 3643 1705 3672 3
1723 3632 1756 3664 &
1778 3639 1862 3663 tunc
1874 3627 1994 3674 inquit,
2011 3626 2176 3673 procedat
2190 3625 2241 3660 di·
2272 3659 2276 3663 ,

1280 3680 1368 3713 &um
1388 3678 1540 3720 Bastuli,
1558 3677 1601 3711 de
1620 3676 1926 3725 quosupranu.63.
1942 3676 1976 3709 &
1990 3675 2034 3710 ita
2050 3674 2148 3709 etiam
2162 3685 2244 3720 pro·

1281 3727 1381 3763 cedat
1398 3725 1610 3763 confirmatio
1625 3752 1632 3767 ,
1649 3725 1692 3760 de
1713 3727 1892 3773 quasupra
1909 3735 2078 3770 num.245.
2092 3722 2172 3768 quia
2184 3723 2242 3757 ista

2199 3773 2246 3807 est

2253 2829 2316 2866 ²95
