2400 3939
27 961 73 1001 92

24 1487 69 1523 93

13 3028 63 3066 94

848 140 898 211 ς,
922 135 1042 201 vt.
1074 137 1252 204 Gloff.
1277 124 1321 204 1ss

110 228 217 277 vostre
232 231 403 278 Frqncesco
422 255 433 270 ‚
454 230 490 264 δε
507 236 607 264 ,extra
629 227 662 271 in
685 221 965 276 suprascriptione
995 232 1074 266 scria

112 280 175 316 bit.
199 282 234 314 A
263 278 432 325 francesco
448 279 568 311 Numio
581 296 592 318 -‚
613 278 779 312 Piacenia
796 302 806 313 .
824 278 858 312 ὃ(
876 287 952 312 curn
967 277 999 312 F
1001 291 1070 313 ran..

112 328 222 363 ciscus
249 326 397 362 Numius
423 335 462 359 ex
497 325 619 360 Genua
650 324 761 359 scribit
787 323 967 359 Franciseo
992 324 1072 362 Nu..

113 376 180 411 mio
195 375 237 409 ad
260 372 461 408 Placentiam
481 398 490 412 ,
519 373 553 407 ὅ(
578 371 686 406 rursus
701 371 900 406 Franciscus
923 372 1074 409 Nomius

114 434 154 458 ex
196 421 365 457 Placentia
401 419 514 455 scribit
552 419 732 454 Francisco
767 411 898 454 Numio
929 421 971 455 ad
998 423 1072 458 Ge.

114 481 211 505 nuam
237 495 248 511 ‚
283 468 428 503 formant
459 467 754 514 suprascriptiones
780 467 964 502 litterarum
995 496 1004 510 ,
1033 470 1072 504 al

58 548 60 550 .
113 517 214 563 nostro
240 516 410 564 Francesco
435 541 445 557 ,
486 517 606 549 Numio
626 542 636 556 ‚
664 517 832 549 Piacenza
853 533 864 555 ς
893 516 931 549 al
968 519 1070 559 nostro

115 565 286 612 Francesco
309 565 427 598 Numio
456 563 591 598 Genava
618 589 627 605 ‚
659 562 706 597 ita
734 568 775 597 ut
803 562 887 597 alius
920 564 1071 601 videatur

115 611 313 648 Franciscus
340 611 486 647 Numius
516 638 528 653 ‚
554 610 694 645 exiliens
727 611 864 645 Genuae
884 636 894 652 ,
927 612 960 647 δε
991 613 1072 649 alius

116 658 314 696 Franciscu‘s
340 659 486 696 Numius
504 685 514 699 ,
540 659 680 695 existens
704 658 885 693 Placentiae
903 684 914 699 ‚
934 662 967 694 ὅ(
991 671 1071 696 con-

115 707 296 756 sequenter
322 708 383 742 hac
409 705 620 754 personarum
646 706 830 742 variatione
850 706 917 740 fine
940 708 1072 755 injulli-

115 756 161 793 tia
184 783 194 796 ,
228 760 260 794 &
289 755 354 790 fine
386 753 506 791 fraude
532 754 647 790 satisfit
671 753 791 790 formae
822 753 1072 791 constitutionis

114 803 165 838 Pii
193 804 238 842 V.
266 804 410 840 evitatur
435 799 623 838 amaritudo
657 802 753 849 primi
782 800 1001 849 argumenti,
1028 804 1072 838 de

112 863 184 898 quo
210 851 282 899 sup.
308 850 368 886 sub
395 863 463 886 n.2.
488 855 521 887 &
546 852 679 887 tandem
707 851 740 886 in
771 848 897 884 effectu
920 850 954 885 ὅτ.
981 863 1071 886 carri-

112 900 205 934 bium
227 899 324 935 reale.
858 940 863 944 ἱ

160 948 288 994 Neque
312 946 446 983 dicatur
468 947 559 982 issam
579 945 791 993 personarum
815 946 982 982 fictionem
997 946 1069 982 fieri

112 1007 179 1029 non
201 997 242 1031 ad
268 995 468 1044 obsequium
499 993 582 1040 legis
604 1019 614 1034 ,
639 993 695 1028 sed
717 1005 780 1040 pro
801 995 922 1030 malitia
943 1021 953 1035 ‚
976 997 1009 1030 c&
1037 996 1069 1029 in

110 1042 263 1080 fraudem
286 1044 386 1090 legis,
418 1045 513 1091 juxta
537 1042 660 1076 italum
674 1042 1016 1090 proverbium‚fatta
1035 1045 1070 1078 la

113 1092 218 1139 legge,
231 1093 368 1140 pensam
386 1093 420 1127 la
439 1086 570 1129 malitia
584 1115 594 1128 ‚
611 1100 730 1124 contra
747 1090 770 1123 l.
785 1102 844 1124 non
861 1086 994 1125 dubium
1008 1119 1016 1131 ‚
1033 1094 1069 1126 C.

112 1139 156 1172 de
177 1140 274 1189 legib.
299 1140 342 1173 de
364 1151 437 1187 quo
459 1137 639 1187 proverbio
661 1137 693 1170 in
712 1137 780 1171 alio
805 1139 978 1184 proposito
1003 1151 1069 1173 me-

112 1187 207 1222 minit
220 1189 354 1222 Navar.
376 1193 408 1221 m
430 1202 457 1222 c.
476 1189 557 1222 navi
581 1188 650 1219 ami
661 1211 672 1226 ,
691 1196 783 1230 n.29.
801 1189 834 1220 in
851 1187 977 1222 ultimis
992 1200 1069 1222 ver-

111 1234 164 1269 bis
177 1261 188 1274 ,
208 1246 297 1268 vers.
313 1235 394 1269 utile
415 1245 524 1269 tamen
561 1234 678 1280 eusur.

163 1282 258 1326 Quia
283 1281 467 1329 respondeo
483 1307 494 1323 ,
519 1279 652 1315 tolerari
671 1279 746 1315 istas
761 1281 913 1318 fiffiones
928 1281 960 1317 in
979 1294 1067 1318 cam·

110 1330 174 1366 biis
187 1357 198 1372 ,
215 1331 353 1378 quando
369 1341 521 1365 nituntur
538 1329 694 1374 aequitati
709 1354 720 1370 ‚
738 1331 772 1365 &
784 1332 923 1377 juliinae
937 1342 1070 1366 contra-

109 1377 182 1413 stus
195 1405 204 1420 ‚
221 1388 259 1412 ut
279 1379 345 1413 late
365 1377 497 1414 ostendi
512 1378 545 1413 in
560 1376 632 1410 aliis
648 1374 837 1413 fictionibus
847 1382 1016 1426 [κρᾶτας.
1035 1380 1070 1415 (J

98 1429 193 1474 seqq.
212 1427 246 1463 (ff
269 1439 302 1461 n.
318 1439 372 1471 33.
741 1473 747 1477 -
787 1472 794 1478 1

157 1475 304 1510 Declara
328 1470 476 1509 secundo
505 1499 516 1515 ‚
550 1482 590 1508 ut
613 1483 766 1521 quamvis
786 1473 874 1507 idem
902 1472 938 1509 sit
966 1472 1068 1508 Fran-

106 1522 217 1557 ciscus
242 1547 252 1563 ‚
277 1521 338 1570 qui
371 1521 417 1556 est
436 1521 593 1562 Genuae,
616 1523 651 1556 ὅ(
677 1519 874 1555 Ετοηειίους
897 1548 908 1563 ,
935 1521 996 1571 qui
1023 1520 1069 1555 est

109 1569 292 1607 Placentiae
311 1597 320 1610 ‚
345 1581 383 1604 ut
402 1570 469 1604 dixi
487 1595 498 1609 ,
523 1579 630 1606 tamen
644 1567 720 1605 sunt
737 1569 854 1603 diverfi
872 1569 989 1616 quoad
1007 1571 1069 1604 bo-

108 1629 148 1653 na
169 1646 178 1659 ‚
201 1620 234 1654 &
259 1618 374 1665 quoad
395 1618 581 1653 creditores
598 1645 608 1658 ,
632 1618 666 1652 &
686 1617 830 1664 prounde
851 1617 872 1650 si
891 1622 950 1652 ille
969 1617 1069 1651 Fran-

108 1668 218 1701 ciscus
237 1665 375 1701 haberet
392 1676 544 1714 utroque
557 1668 637 1701 loco
660 1665 827 1700 bancburn
841 1693 850 1706 ‚
881 1665 937 1700 seu
962 1677 1066 1711 nego-

107 1715 280 1749 tiationem
305 1715 467 1749 trafficum
488 1740 499 1755 ‚
521 1715 687 1750 tabernam
709 1714 835 1748 voltam
859 1738 868 1754 ,
893 1714 962 1748 sive
986 1725 1068 1759 apo-

106 1761 238 1798 thecam
255 1789 265 1802 ,
293 1764 327 1797 &
348 1763 381 1796 in
403 1774 553 1810 utruque
575 1761 717 1807 negotio
741 1761 870 1797 traffico
886 1787 896 1803 ,
916 1762 970 1796 seu
987 1763 1066 1795 ban-

106 1810 176 1845 cho
200 1812 336 1846 haberet
360 1810 548 1845 creditores
560 1836 571 1851 ,
586 1812 619 1844 δι
636 1810 851 1858 decoqueret
866 1835 876 1851 ‚
899 1809 955 1844 seu
971 1809 1067 1844 fieret

106 1869 174 1893 non
197 1855 361 1894 solvendo
386 1884 397 1900 ‚
428 1860 549 1906 utique
580 1858 675 1894 fieret
705 1856 866 1905 separatio
896 1869 1002 1892 rerum
1032 1860 1066 1893 dc

106 1906 265 1941 mercium
283 1907 382 1940 unius
399 1906 530 1952 negotii
555 1907 574 1941 'a
594 1907 692 1940 rebus
705 1907 741 1940 ἀ
754 1906 917 1940 mercibus
930 1906 1067 1941 alterius

105 1954 235 2000 negotii
254 1982 263 1994 ,
290 1956 324 1990 &
347 1954 491 1990 similiter
513 1951 610 1990 fieret
631 1952 794 2001 separatio
819 1952 1026 1988 creditorum
1054 1979 1064 1996 ‚

103 2014 183 2050 quia
201 2002 386 2037 creditores
407 2003 506 2036 unius
530 2002 662 2049 negotii
687 2013 892 2037 remanerent
917 2003 1066 2037 credito-

104 2062 156 2086 res
170 2051 201 2085 in
224 2050 281 2085 illo
306 2051 448 2098 negotio
466 2061 544 2084 cum
559 2049 757 2096 pra-latione
772 2050 844 2084 aliis
863 2050 1063 2086 creditorib.

102 2099 242 2134 alterius
264 2100 394 2145 negotii
417 2099 515 2133 etiam
540 2097 787 2139 anterioribus,
814 2099 838 2132 l.
856 2108 888 2143 5.
907 2108 1063 2146 procura-

101 2144 182 2184 toris
197 2170 207 2187 ,
225 2148 258 2193 ξ.
268 2146 301 2191 st
319 2148 430 2191 plures
444 2148 486 2193 ff.
505 2147 546 2180 de
567 2146 680 2181 tribur.
701 2145 764 2181 aa.
785 2143 881 2180 Paul.
901 2146 942 2181 de
959 2148 1061 2192 Castr-

103 2199 137 2228 ἐκ
157 2198 245 2233 const.
268 2196 346 2239 285.
371 2195 445 2240 vis-‘s
469 2193 500 2229 &
524 2194 712 2242 ponderatis
721 2194 789 2242 sub
809 2207 895 2231 num.
920 2207 952 2228 2.
973 2207 1062 2230 vers.

102 2243 247 2276 breviter
262 2243 312 2277 his
330 2244 434 2290 &sub
448 2255 570 2287 nun1.3.
587 2238 676 2277 veiis.
689 2253 744 2276 nec
755 2242 866 2287 obstat.
884 2242 978 2277 lib.1.
993 2243 1062 2276 late

103 2291 238 2339 Magon.
255 2294 287 2324 in
306 2294 426 2327 Lar-en.
442 2292 551 2325 dem.
567 2297 688 2335 num.5.
706 2301 795 2324 vers.
814 2286 865 2324 his
879 2300 987 2338 tamen
1001 2303 1063 2326 non

102 2337 306 2384 obstantibus.
331 2341 364 2375 ‘t‘9'
387 2352 418 2373 n.
428 2341 521 2386 seqq.
541 2340 575 2376 ὁ*
595 2340 719 2372 stracc.
735 2338 831 2372 lrac's.
847 2338 889 2385 Α(
903 2333 1061 2373 decoctor.

99 2396 159 2431 per
172 2386 378 2422 ult-numne
401 2388 531 2434 &seqq.
549 2391 659 2422 tomo.
673 2385 904 2434 p.1.fol.328.
919 2387 1036 2423 dicens
1049 2412 1060 2428 ,

102 2433 199 2479 quod
227 2435 250 2468 li
270 2434 357 2470 idem
381 2446 547 2470 mercator
571 2433 690 2469 habeat
717 2435 869 2470 tabernas
892 2434 948 2468 seu
977 2447 1061 2481 apo—

101 2482 220 2516 thecas
243 2483 276 2518 &
302 2481 464 2519 trrrfficum
491 2483 653 2518 Anconae
669 2507 679 2523 ‚
705 2481 831 2516 Romae
855 2481 890 2516 ὅ(
918 2481 1060 2518 Floren-

101 2529 160 2564 tiae
179 2555 188 2569 ‚
212 2531 246 2564 ἀ
271 2531 464 2567 labefactata
487 2525 554 2566 fide
575 2555 585 2571 ,
608 2530 784 2567 decoxerit
811 2555 820 2569 .
842 2531 1030 2566 creditores
1049 2558 1060 2573 ‚

99 2577 161 2624 qui
186 2576 309 2614 Romae
338 2588 578 2614 contraxerunt
604 2604 614 2619 ‚
640 2589 707 2614 non
736 2578 811 2613 sunt
841 2578 999 2613 audiendi
1028 2579 1061 2614 in

99 2625 197 2660 bonis
220 2626 434 2661 exilientibus
459 2625 646 2662 Florentiae
663 2653 673 2670 ,
698 2625 816 2676 quoad
840 2627 970 2674 integre
993 2639 1060 2662 non

99 2672 201 2708 fuerit
220 2673 419 2709 satifactum
437 2674 685 2715 creditorzbus.
703 2674 763 2720 qui
777 2673 964 2709 Florentiae
979 2687 1062 2710 con-

99 2731 296 2763 traxerunt,
312 2720 415 2758 solum
434 2723 518 2757 enim
532 2723 691 2757 audiendi
709 2722 785 2757 sunt
800 2722 834 2757 in
846 2724 945 2757 bonis
957 2749 966 2763 ‚
978 2735 1061 2770 quae

97 2765 225 2804 Romae
249 2769 324 2804 sunt
344 2770 364 2804 li
381 2782 487 2806 tamen
504 2769 619 2806 solutis
633 2769 862 2806 creditoribus
876 2797 885 2811 ,
904 2771 963 2818 qui
980 2771 1062 2808 Flo-

98 2817 216 2852 rentiae
231 2828 440 2859 contraxere,
457 2814 586 2866 aliquid
599 2831 637 2854 ex
651 2818 760 2858 bonis,
777 2828 858 2865 quae
876 2817 905 2853 F
907 2819 1062 2856 lorentiae

98 2863 184 2906 sunt,
203 2865 364 2911 supererit
386 2865 422 2901 id
448 2865 546 2914 quod
561 2865 718 2914 superest,
733 2867 962 2901 creditoribus
987 2867 1061 2903 Ro·

98 2923 164 2947 mae
181 2912 396 2948 tribuendum
420 2915 465 2948 est
478 2939 488 2955 .
507 2914 588 2962 quia
604 2927 671 2950 non
692 2914 818 2950 dicitur
839 2914 952 2950 habita
977 2914 1062 2951 fides

98 2961 251 3006 personae
269 2988 278 3002 ,
301 2961 358 2997 sed
379 2961 494 2997 merci.

148 3007 306 3044 Extende
333 3009 442 3058 primr'i
473 3007 559 3044 hanc
581 3005 842 3045 declarationem
866 3035 876 3052 ‚
902 3020 942 3046 ut
967 3008 1056 3058 Rep.

98 3056 268 3092 Genuensi
297 3056 461 3103 procedat
486 3057 584 3092 etiarn
609 3068 649 3092 ex
679 3056 895 3105 dispositione
917 3058 1060 3095 statuto-

98 3115 169 3138 rum
196 3103 232 3138 li.
248 3117 281 3146 4.
301 3118 330 3140 c.
352 3117 402 3141 η.
427 3108 459 3153 §-
479 3107 671 3140 creditores.
693 3116 767 3152 quo
788 3102 999 3152 disponitur,
1024 3118 1060 3144 ut

98 3151 286 3186 creditores
306 3151 501 3189 societatem
516 3179 525 3193 ‚
541 3153 609 3186 five
630 3153 794 3188 rationum
809 3180 820 3196 ‚
834 3153 903 3195 five
921 3155 980 3192 sint
1000 3155 1061 3191 sub

98 3200 234 3235 nomine
257 3210 356 3235 unius
376 3212 505 3236 tantum
526 3226 537 3241 ,
562 3201 629 3235 five
651 3202 796 3247 plurium
810 3227 820 3242 ,
844 3201 912 3236 five
941 3203 974 3238 in
995 3203 1061 3239 do-

97 3246 214 3287 minio,
236 3247 305 3282 five
318 3259 420 3288 extra,
438 3249 470 3282 in
485 3249 584 3283 rebus
597 3250 630 3283 &
652 3249 749 3283 bonis
765 3247 966 3286 societatum
980 3279 990 3292 .
1003 3251 1060 3296 seu

96 3295 262 3330 rationum
284 3296 506 3341 praeferamur
528 3295 792 3345 quibuscunque
813 3297 884 3332 aliis
907 3299 1058 3335 credito-

96 3340 160 3377 bus
182 3343 349 3379 sociorum
375 3343 578 3390 fingulorum
604 3369 614 3383 ‚
648 3344 700 3379 vel
725 3346 865 3392 proprio
890 3347 943 3381 vel
970 3359 1060 3395 quo-

97 3391 148 3427 vis
162 3390 229 3424 alio
251 3392 387 3427 nomine
401 3419 410 3432 ‚
436 3393 470 3427 &
494 3391 528 3426 in
548 3391 646 3426 dietis
669 3393 768 3426 rebus
781 3419 790 3433 ‚
812 3394 846 3428 δι
862 3394 960 3429 bonis
978 3395 1060 3430 dieti

93 3437 292 3474 creditores·
307 3440 538 3486 intelligantur
560 3464 570 3479 ,
599 3439 631 3474 δε
656 3439 716 3475 fint
743 3441 895 3485 potiores
911 3468 920 3483 ‚
943 3442 978 3478 δε
1003 3452 1063 3478 an-

94 3486 236 3532 teriores
261 3498 416 3533 tempore
433 3514 442 3524 .
469 3486 664 3534 hypotheca
680 3513 689 3527 ‚
714 3488 748 3522 δι
772 3489 953 3536 privilegio
969 3517 978 3530 .
1005 3491 1060 3526 di-

93 3533 156 3568 &ae
185 3544 229 3568 ue
247 3546 297 3570 res
311 3562 321 3575 ,
341 3537 374 3571 &
399 3537 488 3570 bona
513 3535 745 3581 intelligantur
767 3536 864 3572 dictis
882 3538 1058 3574 creditori-

91 3583 155 3616 bus
196 3583 409 3630 ypothecata
428 3583 560 3630 speciali
583 3582 727 3629 pignore
747 3595 825 3619 curn
851 3584 1032 3634 privilegio
1046 3612 1057 3628 ,

85 3629 132 3665 ita
157 3640 196 3665 ut
213 3630 432 3676 praesera'ntur
446 3631 588 3667 dotibus
602 3655 613 3673 .
628 3631 663 3666 «k
675 3631 747 3667 aliis
762 3634 1030 3683 quibuscunque
1045 3660 1056 3676 ,

1969 168 2076 226 439

1122 238 1270 280 excepto
1296 243 1340 266 eo
1359 256 1370 272 ,
1397 230 1458 278 qui
1487 242 1555 266 rem
1582 229 1668 268 suam
1689 254 1700 278 ,-
1727 236 1780 273 vel
1802 236 1976 283 quondam
1992 237 2083 272 suam

1121 279 1362 327 praetenderet.

1170 327 1325 361 Extende
1339 326 1491 362 secundo
1505 352 1516 368 ‚
1534 335 1573 361 ut
1591 328 1614 362 fi
1632 336 1719 365 unus
1733 331 1940 376 particularis
1952 331 1991 366 fit
2004 339 2079 368 cre-

1124 374 1217 409 ditor
1232 376 1333 411 unius
1349 386 1389 408 ex
1405 375 1501 410 sociis
1513 376 1657 423 alicujus
1673 377 1843 413 societatis
1855 405 1865 420 ,
1881 380 1914 414 ὅ(
1927 381 1969 414 fi‘c
1982 381 2081 416 etiam

1125 422 1261 457 debitor
1281 423 1467 463 societatis,
1485 435 1552 457 non
1576 424 1672 469 poffit
1690 426 1759 459 hoc
1782 426 1933 461 debitum
1949 452 1958 466 ‚
1981 429 2081 474 quod

1124 469 1224 506 habet
1244 481 1322 504 cum
1350 470 1512 506 societate
1530 496 1541 512 ‚
1571 473 1784 518 compensare
1804 485 1880 509 cuzn
1907 474 2041 511 credito
2067 503 2080 518 ‚

1123 518 1221 565 quod
1246 516 1348 554 habet
1368 528 1490 553 contra
1519 518 1644 553 distem
1662 520 1809 560 socium.
1831 521 1928 557 etiarn
1954 522 1976 556 si
1997 523 2082 558 illud

1123 565 1251 600 habeat·
1268 565 1445 601 occasione
1480 566 1618 600 alterius
1648 567 1817 604 societatis
1842 595 1853 610 ‚
1882 569 1941 604 nifi
1982 569 2082 606 fuerit

1124 614 1216 659 prius
1241 612 1437 648 satisfactum
1463 615 1689 650 creditoribus
1710 616 1880 653 societatis
1893 643 1903 659 ‚
1926 627 1966 653 ut
1984 618 2080 653 secu*

1124 669 1181 695 tus
1205 660 1273 694 sum
1297 663 1365 708 sup.
1387 673 1418 708 q.
1432 668 1461 698 ι’.
1476 672 1593 706 ”⁶⁸50-

1171 708 1376 744 Subdeclara
1404 735 1415 750 ,
1449 710 1678 756 restringendo
1708 708 1845 748 eandem
1875 713 2077 750 declaratio-

1124 768 1199 802 nev
1217 782 1228 797 ,
1256 767 1294 791 ut
1321 757 1483 802 procedat
1507 759 1686 806 ,quando
1712 761 1847 796 debitor
1872 763 1956 797 duas
1985 773 2080 798 exer-

1123 805 1222 839 cebat
1249 805 1493 850 negotiationes
1510 832 1520 846 ,
1549 818 1583 842 ut
1609 806 1760 854 loquitur
1779 819 1856 844 text.
1873 813 1906 845 in
1925 811 1989 844 ἀλ.
2004 820 2081 857 pro-

1123 865 1191 886 cur.
1224 853 1256 898 ξ.
1280 852 1313 897 fi
1336 853 1449 899 plures
1471 879 1481 894 ,
1505 854 1548 900 ff.
1571 855 1614 889 de
1647 855 1761 891 tribur.
1792 857 1855 891 αξὶ.
1885 859 1919 893 &
1941 857 2080 893 locutus

1123 898 1191 934 sum
1209 901 1242 933 in
1269 901 1517 943 declaratione,
1543 902 1635 937 secus
1649 929 1659 943 ‚
1683 903 1705 937 fi
1721 914 1818 938 unam
1836 914 1964 940 tantum
1982 915 2079 941 exer-

1123 948 1221 981 cebat
1249 948 1514 993 negotiationem
1530 975 1540 991 ,
1563 961 1666 998 quare
1687 951 1708 985 st
1734 953 1972 988 nummularius
1991 979 2001 993 ,
2022 953 2078 988 seu

1123 996 1323 1030 bancherius
1346 1006 1501 1032 exerceat
1516 998 1622 1033 solum
1647 997 1785 1033 mensam
1803 1001 2052 1036 nummulariam
2065 1021 2078 1042 ‚

1122 1043 1178 1077 led
1203 1054 1310 1078 tamen
1332 1044 1421 1079 duos
1438 1044 1603 1081 rationum
1629 1047 1733 1081 libros
1758 1047 1946 1085 conscribat
1963 1059 1978 1092 ς
1995 1049 2079 1084 alte-

1121 1103 1194 1125 rum
1219 1092 1251 1125 in
1276 1102 1349 1139 quo
1378 1091 1564 1128 creditores
1588 1095 1737 1135 banchi,
1764 1097 1797 1131 δε
1820 1096 1907 1132 illius
1925 1106 2080 1143 negotia·

1122 1139 1223 1173 tionis
1244 1139 1408 1174 describat
1433 1165 1444 1181 ‚
1477 1142 1616 1178 alterum
1649 1154 1730 1177 vero
1760 1144 1793 1176 in
1819 1156 1891 1192 quo
1916 1143 2080 1191 generalis

1121 1198 1172 1222 ter
1196 1199 1312 1222 omnes
1342 1187 1416 1223 suos
1446 1188 1633 1224 creditores
1659 1189 1800 1227 adnotet
1821 1218 1830 1234 ,
1862 1193 1960 1228 etiam
1984 1202 2079 1228 extra

1120 1236 1386 1280 negotiationem
1413 1237 1534 1271 banchi
1563 1263 1574 1278 ‚
1612 1248 1694 1274 tunc
1724 1239 1910 1275 creditores
1935 1238 2080 1276 solutio-

1119 1294 1194 1317 nem
1213 1282 1376 1330 consequi
1397 1285 1552 1320 volentes
1574 1311 1582 1326 ,
1602 1286 1821 1322 admittentur
1842 1299 1956 1323 omnes
1973 1290 2004 1323 in
2022 1288 2078 1324 tri-

1119 1331 1241 1365 butum
1268 1358 1277 1371 ‚
1305 1343 1367 1365 nec
1392 1333 1577 1368 creditores
1601 1334 1722 1368 banchi
1745 1334 1817 1370 sunt
1842 1336 2042 1382 praeferendi
2064 1360 2077 1377 ‚

1122 1379 1278 1426 quamvis
1298 1379 1390 1414 libris
1403 1379 1524 1415 mensa:
1541 1382 1805 1417 nummrnulariae
1818 1384 1925 1429 major
1942 1385 2080 1430 praesle·

1119 1438 1174 1461 tur
1193 1426 1278 1461 fides
1296 1453 1305 1467 ‚
1326 1428 1406 1474 quia
1431 1429 1566 1475 publice
1584 1438 1776 1464 tenerentur
1791 1443 1800 1466 ;
1814 1430 1868 1465 hic
1884 1431 1967 1465 enirn
1983 1443 2079 1466 num-

1117 1475 1276 1508 mularius
1300 1487 1395 1509 unam
1414 1479 1591 1512 exercebat
1617 1477 1882 1523 negotiationem
1896 1505 1906 1519 ‚
1927 1478 2079 1526 ideoque

1118 1522 1303 1557 creditores
1333 1524 1567 1568 ies-arationem
1592 1524 1703 1560 facere
1725 1538 1792 1561 non
1819 1525 1957 1572 possunt
1979 1553 1989 1568 ‚
2011 1529 2080 1562 late

1118 1571 1214 1604 Paul.
1234 1573 1275 1603 de
1291 1572 1392 1617 Castr.
1416 1573 1449 1606 d.
1462 1573 1551 1611 consi.
1562 1574 1639 1617 285.
1661 1574 1757 1610 laba.
1773 1576 1808 1612 ὠ
1824 1588 1864 1610 ex
1877 1587 1913 1609 eo
1930 1575 2078 1612 Straech.

1115 1619 1211 1652 tract.
1235 1619 1277 1652 de
1301 1620 1459 1656 decorior.
1470 1631 1548 1668 par.
1566 1621 1629 1663 ult.
1649 1634 1735 1657 num.
1755 1634 1774 1655 2
1780 1633 1812 1668 ς.
1830 1624 1864 1660 έν
1887 1623 1943 1657 26.
1960 1625 2077 1660 tomh-

1114 1668 1306 1713 par.1.fol.
1333 1668 1409 1712 318.

1163 1715 1302 1757 Quaero
1316 1727 1441 1762 quarto
1453 1716 1484 1751 in
1499 1716 1634 1752 cambio
1648 1716 1792 1754 recursa*
1805 1719 1882 1768 quis
1894 1718 2077 1768 praesentet

1116 1761 1241 1797 litteras
1261 1763 1421 1810 campsori
1436 1791 1444 1803 ,
1464 1767 1519 1799 seu
1547 1767 1622 1813 ejus
1639 1767 1777 1813 agenti,
1794 1776 1940 1818 ermque
1962 1769 2076 1816 requi-

1114 1821 1186 1850 rat,
1209 1820 1248 1844 ut
1269 1811 1375 1847 solvat
1391 1812 1447 1846 sibi
1473 1812 1530 1860 ipsi
1545 1839 1555 1853 ‚
1579 1826 1694 1862 eoque
1717 1815 1856 1851 nolente
1873 1828 1928 1851 eas
1953 1828 2075 1866 accep-

1114 1867 1184 1897 tare
1204 1885 1213 1898 ‚
1237 1860 1314 1906 quis
1339 1858 1438 1895 faetet
1461 1861 1734 1906 protestationem
1755 1861 1769 1899 ἒ
1919 1904 1923 1907 s

1161 1905 1368 1954 Respondeo
1401 1909 1500 1955 quod
1532 1909 1669 1957 ipsemet
1694 1909 1848 1959 campsot
1873 1937 1884 1954 ,
1909 1909 1968 1950 ,seu
1998 1912 2076 1960 ejus

1112 1965 1215 2000 agens
1240 1955 1452 2000 praesentabit
1479 1957 1603 1994 litteras
1636 1958 1826 2008 sibimetipsi
1851 1985 1862 2001 ‚
1897 1961 1931 1995 δε
1958 1960 2073 2009 requi-

1111 2014 1161 2038 ret
1181 2003 1201 2037 a
1223 2003 1256 2038 se
1276 2003 1349 2050 ipso
1367 2030 1376 2046 ,
1401 2016 1440 2038 an
1465 2005 1543 2039 velit
1561 2006 1631 2040 illas
1651 2018 1828 2052 acceptare
1842 2034 1852 2049 ,
1871 2007 1907 2043 &c
1930 2008 1988 2044 u‘bi
2011 2021 2075 2045 noa

1111 2051 1149 2085 lit
1173 2061 1226 2086 eas
1247 2063 1422 2098 acceptare
1439 2079 1448 2093 ‚
1470 2055 1503 2088 &
1527 2053 1703 2091 succeffive
1724 2054 1826 2091 faciet
1844 2055 1970 2092 solitam
1991 2066 2075 2104 pro-

1111 2099 1321 2135 testationem
1343 2126 1352 2140 ‚
1386 2112 1542 2148 tanquam
1569 2103 1591 2137 fi
1621 2102 1746 2139 litterae
1773 2103 1875 2140 essent
1897 2104 2087 2153 praesenta-r<

1111 2155 1155 2183 tae
1173 2147 1274 2182 alicui
1297 2148 1389 2183 alteri
1405 2175 1414 2189 ‚
1440 2151 1500 2197 qui
1516 2162 1570 2184 eas
1593 2162 1661 2186 non
1677 2151 1882 2199 acceptasset
1898 2179 1908 2193 ‚
1925 2155 1994 2187 Rot.
2009 2154 2073 2188 Ge-

1109 2207 1204 2232 nuen.
1227 2196 1299 2231 dec.
1323 2209 1353 2230 2.
1377 2208 1471 2231 erant
1499 2198 1556 2244 suh
1577 2211 1664 2233 num.
1697 2201 1750 2245 36.
1786 2202 1812 2245 †
1836 2200 1942 2237 serina
1967 2199 2073 2249 hujus

1109 2243 1335 2292 requisitionis
1350 2270 1359 2286 ‚
1383 2245 1601 2292 responfionis
1627 2247 1662 2282 δε
1687 2248 1938 2295 protestationis
1958 2250 2006 2285 est
2025 2250 2073 2286 se-

1140 2303 1232 2327 tiens.

1112 2302 1134 2338 q
1155 2341 1208 2375 Al
1229 2351 1318 2375 nome
1338 2341 1375 2374 di
1394 2343 1461 2375 Dio
1483 2342 1526 2383 fia
1545 2355 1557 2387 3
1580 2343 1685 2378 l’anno
1705 2345 1800 2380 mille
1814 2340 1959 2394 s'eicenro
1975 2356 2075 2396 quat-

1107 2389 1233 2433 tordeci
1250 2415 1259 2428 ‚
1273 2390 1428 2423 correndo
1444 2391 1642 2426 l’indr'trione
1659 2392 1856 2429 duodecimae
1867 2421 1877 2436 ‚
1894 2395 1915 2432 ὰ
1930 2397 1968 2430 dt·
1981 2401 2075 2444 quin·

1108 2436 1182 2471 deci
1211 2436 1249 2483 di
1277 2436 1457 2472 Novembr.
1489 2439 1652 2482 constituto
1677 2441 1752 2476 alla
1769 2444 1932 2489 prese-aza
1957 2444 1996 2478 di
2021 2448 2074 2482 nie

1108 2484 1179 2518 Gio.
1210 2487 1330 2520 Maria
1354 2487 1481 2520 Pinceto
1505 2484 1618 2522 notari>
1647 2500 1656 2524 ε
1687 2490 1722 2527 (9'
1756 2492 1953 2526 cancelliero
1981 2494 2073 2540 infra

1097 2534 1217 2580 scritto
1242 2558 1252 2573 ‚
1282 2534 1316 2569 (α’
1341 2533 1378 2567 di
1400 2534 1569 2572 testimonii
1591 2537 1679 2584 fimo
1709 2541 1864 2575 nominati
1889 2566 1899 2582 ,
1924 2533 1954 2575 il
1974 2543 2071 2591 Mrg.

1107 2580 1253 2627 Francesl
1275 2581 1397 2616 Nccmio
1420 2582 1582 2617 dimanda
1603 2586 1622 2626 ἁ
1639 2585 1674 2628 fe
1687 2587 1776 2668 stelvffo
1794 2595 1990 2636 pagame'nto
2016 2592 2073 2625 di-

1096 2628 1199 2676 scudi
1222 2629 1313 2663 mille
1336 2629 1424 2664 d’oro
1448 2630 1485 2664 di
1504 2631 1635 2666 marche
1650 2645 1709 2681 per
1740 2644 1846 2670 etrera
1865 2637 1902 2671 di
1918 2638 2018 2672 Roma
2035 2634 2073 2673 di

1108 2678 1296 2724 Lansrancq
1317 2679 1374 2711 del
1393 2676 1492 2713 Forno
1505 2705 1515 2719 ‚
1532 2681 1686 2726 responde
1708 2694 1766 2716 non
1788 2685 1911 2719 volerli
1923 2696 2049 2734 pagare
2061 2713 2073 2729 ,

1108 2723 1225 2772 laquo}
1241 2726 1373 2772 rispesta
1392 2727 1508 2772 flecta,
1527 2727 1616 2762 deno
1635 2724 1730 2779 Mag.
1746 2729 1860 2766 Franc.
1877 2734 1998 2768 Numio
2014 2741 2074 2782 per

1109 2775 1180 2820 ogni
1203 2773 1318 2807 melior
1336 2776 1449 2814 moda,
1472 2779 1603 2824 ragione
1616 2803 1625 2815 ‚
1644 2781 1704 2811 via
1723 2805 1732 2818 ,
1757 2779 1792 2816 ό
1809 2781 1924 2826 forma
1936 2806 1944 2822 ‚
1968 2793 2027 2829 per
2046 2783 2074 2817 li

1110 2819 1321 2869 qualimeglr'o
1337 2821 1379 2855 ha
1391 2829 1500 2868 poturo
1511 2850 1520 2864 ,
1538 2825 1573 2860 ὅς’
1584 2825 1648 2872 pud
1655 2827 1892 2872 solennemente
1907 2855 1916 2869 ‚
1931 2829 1967 2865 θ’
1981 2830 2076 2865 debi-

1107 2879 1247 2903 tameme
1262 2869 1303 2903 ha
1320 2871 1491 2915 protestato
1502 2898 1512 2911 ‚
1534 2871 1568 2905 &
1588 2874 1728 2919 pratella
1749 2886 1862 2910 contra
1878 2874 1967 2910 detto
1983 2879 2075 2912 Lan-

1096 2917 1222 2964 franco
1237 2917 1294 2950 del
1310 2917 1405 2951 Forno
1418 2945 1429 2964 ,,
1447 2919 1482 2955 &³
1499 2920 1603 2967 quqlfi
1615 2923 1706 2969 vogli
1720 2923 1789 2966 suci
1805 2923 1893 2968 beni,
1917 2925 1953 2962 ὠ
1965 2934 2074 2962 contro

1107 2967 1186 2999 tutti
1206 2965 1310 3000 coloro
1325 2993 1332 3004 ,
1351 2965 1444 3012 quali
1460 2977 1521 3012 per
1536 2964 1624 3002 detto
1638 2970 1763 3004 cambio
1774 2973 1892 3020 foffero
1913 2973 2051 3022 obligati
2063 2999 2076 3017 ,

1108 3013 1143 3049 (⁴7
1158 3013 1242 3047 altri
1256 3039 1266 3054 ,
1280 3015 1405 3058 a’qrrali
1418 3015 1558 3062 aspet‘la,
1574 3017 1610 3054 ὠ*
1624 3028 1803 3064 apparente
1817 3020 1920 3067 questo
1934 3022 2072 3066 cambio,

1109 3060 1142 3095 δε
1154 3059 1210 3094 che
1222 3061 1492 3110 potqffespenare
1506 3090 1515 3104 ,
1533 3064 1569 3101 (ἓν
1582 3075 1793 3112 appartenere
1806 3067 1872 3102 cosi
1890 3069 1928 3102 al
1943 3071 2074 3116 prefin-

1107 3119 1139 3142 1e
1152 3135 1161 3149 ‚
1183 3121 1270 3143 coms
1291 3113 1324 3142 in
1342 3111 1502 3144 l'avenire
1524 3112 1561 3145 di
1578 3116 1651 3146 ruiti
1665 3113 1691 3146 li
1709 3114 1811 3159 dauni
1824 3142 1833 3157 ,
1856 3116 1891 3152 ό
1910 3117 2044 3164 intereffi
2060 3144 2074 3162 ‚

1110 3156 1239 3202 miffioni
1249 3183 1259 3197 ,
1283 3156 1424 3199 cambii,
1441 3161 1598 3193 ret-ambit·
1610 3163 1815 3208 spesefatte,
1837 3167 1870 3200 ἀ
1890 3164 1937 3198 da
1943 3165 2030 3212 farsi
2040 3169 2074 3200 in

1108 3205 1271 3239 l'avevire
1276 3216 1338 3253 per
1347 3205 1435 3239 detto
1449 3207 1691 3256 Mag.Fr.-1nces.
1697 3205 1828 3251 Nuntio,
1841 3222 1900 3258 per
1909 3207 2075 3262 nonefferli

1107 3252 1194 3292 stara
1209 3261 1334 3300 pagata
1353 3253 1445 3286 detta
1460 3258 1599 3300 partita,
1613 3257 1773 3302 pendente
1785 3259 1821 3292 la
1837 3258 1920 3299 fieta
1933 3260 1975 3294 de
1991 3264 2074 3297 δεῖ·

1107 3303 1134 3334 ri
1148 3301 1261 3347 ,farta
1276 3301 1365 3349 ”⁶¹¹4
1378 3304 1525 3348 presente
1540 3306 1625 3338 Cinci
1641 3304 1677 3337 di
1693 3306 1858 3340 Piacenza
1871 3332 1880 3347 ‚
1901 3308 1936 3344 ὠ*
1949 3307 2073 3357 pigltfae-

1110 3359 1146 3382 re
1162 3347 1254 3382 detra
1267 3351 1395 3395 partita
1408 3349 1425 3382 ἐι
1439 3351 1536 3397 spese,
1550 3351 1666 3391 danni,
1680 3353 1813 3400 intereffi'
1825 3353 1862 3387 di
1876 3355 1964 3390 detto*
1980 3357 2072 3392 Lan·

1098 3392 1222 3443 franco
1235 3397 1292 3430 del
1305 3395 1413 3436 Forno,
1428 3396 1445 3430 ὁ
1463 3399 1556 3440 altri,
1570 3401 1588 3433 ὰ
1605 3400 1795 3446 quandem
1810 3402 1937 3437 cambio
1949 3415 2072 3453 appar-

1108 3442 1219 3491 reneffe
1233 3470 1242 3483 ,
1260 3443 1275 3477 ὀ
1287 3445 1398 3490 poreſje
1415 3455 1628 3492 appartenere
1643 3449 1678 3481 in
1699 3449 1776 3494 qual
1794 3448 1819 3490 li
1834 3452 1950 3499 voglia
1975 3453 2071 3488 modo

1107 3493 1140 3525 in
1161 3492 1321 3524 l’avenlre
1336 3516 1344 3531 ‚
1359 3493 1378 3525 ἐι
1393 3493 1529 3534 cambio,
1547 3505 1565 3526 e
1582 3497 1761 3536 recumbio,
1779 3497 1795 3531 ὃ
1807 3507 1866 3543 per
1879 3497 2012 3535 Genava
2024 3525 2036 3541 ‚
2048 3501 2069 3536 ὁ

1107 3539 1186 3586 qual
1202 3538 1225 3578 Ιῐ
1246 3537 1370 3586 voglia,
1379 3550 1474 3586 parte
1488 3541 1544 3574 del
1561 3540 1779 3582 mondo,delle
1793 3545 1884 3593 quali
1899 3550 1965 3592 cose
1979 3550 2068 3582 detto

1109 3585 1206 3634 Mag.
1226 3585 1398 3632 Francesco
1430 3587 1549 3621 Numio
1575 3588 1619 3622 ha
1644 3590 1790 3639 rtt⁴hiesto
1815 3604 1866 3626 me
1889 3598 1948 3640 gia
1977 3596 2067 3628 dello

1106 3644 1230 3675 notare,
1248 3633 1284 3669 (ν’
1299 3633 1493 3682 caira-elliero
1507 3661 1517 3677 ‚
1529 3635 1587 3670 che
1601 3636 1636 3671 le
1650 3650 1688 3673 ne
1696 3639 1796 3687 faeci
1810 3639 1942 3686 publice
1954 3642 2066 3683 instro-

1311 3683 1313 3685 ’
1587 3683 1623 3718 0
1641 3697 1663 3720 ο
1710 3697 1736 3728 4
1928 3701 2032 3724 memo
2054 3715 2065 3732 r

2116 336 2161 378 95

2111 1722 2160 1766 97,

2108 2196 2157 2242 98
