2400 3939
414 197 468 264 §.
501 193 601 250 l-X.
637 191 836 252 Const.
877 188 1060 251 Leon.

157 282 206 320 Et
219 282 452 330 &contingat-
474 296 549 320 eum
565 284 735 319 decedere
750 309 760 324 ,
781 295 841 330 per
854 284 930 320 talis
947 284 1049 320 dece-

99 329 223 367 dentis
240 333 374 370 obitum
406 344 486 379 pars
502 359 511 373 ‚
529 344 618 380 quae
632 332 674 367 ad
698 329 804 378 ipsum
825 331 1049 368 decedentem

111 390 197 416 tunc
212 379 398 428 spefflibat,
421 381 456 415 &
476 394 542 416 non
562 381 656 423 aliae,
681 390 764 426 quae
783 378 824 414 ad
849 380 952 415 alium
968 407 976 421 ‚
995 381 1049 414 vel

111 427 197 462 alios
211 427 352 462 itt-disto
371 428 490 464 officio
509 433 636 476 par‘tem
652 429 813 462 habentes
838 426 1025 474 speClabant
1038 453 1048 470 ‚

110 486 232 516 vacare
247 473 467 516 censeantur,
487 488 527 511 ac
549 477 593 511 de
617 476 742 516 titulo,
765 475 798 509 ὅ(
812 485 907 521 parte
927 488 1048 511 vacan-

109 522 204 557 tibus
219 522 416 566 dumtaxat,
444 524 537 558 fimili
557 524 661 560 modo
677 523 700 558 si
723 521 848 563 alium,
867 523 921 558 seu
941 525 1025 558 alios
1038 549 1048 564 ,

110 569 211 605 etiarn
226 569 399 606 foeminam
413 599 422 613 ,
439 572 638 618 partem-seu
657 581 769 618 paries
793 572 828 603 in
848 571 1048 617 hujusmodi

111 617 235 653 officiis
259 618 423 655 habentes
444 620 612 655 decedere
630 617 838 664 contigerit,
862 631 973 665 partes
1002 620 1047 653 fic

109 664 353 703 decedentium
386 679 509 702 vacare
532 668 753 708 censeantur,
782 668 817 702 <Sc
833 665 878 700 de
901 667 964 701 illis
988 679 1046 714 per

108 711 214 750 Rom.
231 714 453 756 Pontificem,
467 727 526 752 aut
539 716 663 751 Sedem
681 715 738 749 seu
755 714 929 750 cameram
943 715 1046 761 Apo-

108 760 261 797 stolicam
286 762 391 798 libere
412 763 544 812 disponi
568 765 678 810 pellit.

150 809 206 845 zEt
221 810 242 844 fi
261 810 420 852 titulum,
443 812 499 846 .vel
517 823 648 858 partem
668 812 794 848 habens
808 811 1048 859 delinqueret,

108 856 144 892 ὅ(
159 868 339 904 propterea
351 859 484 906 privari
502 860 705 906 contigerit,
731 871 833 908 poena
850 859 1048 907 privationis

95 903 211 955 :sutum
229 908 553 949 teneatvauetorem.
566 910 605 943 ὁ(
623 909 716 944 alteri
739 919 871 956 partem
887 907 1043 950 habenti,

108 953 163 988 vel
177 953 196 988 ὲ
209 954 376 990 converso
392 956 524 991 minime
543 968 678 992 noceat.
873 984 875 986 .

158 1001 204 1036 Et
222 1002 264 1036 ad
281 1004 492 1038 obviandum
510 1005 704 1046 fraudibus,
729 1015 811 1051 quae
832 1003 873 1039 'in
898 1003 1045 1050 praemis-

87 1082 89 1084 .
107 1049 233 1088 fisfieri
247 1050 397 1096 possent,
420 1054 599 1092 volumus,
613 1053 849 1091 decernimus,
866 1054 898 1087 ὅ(
910 1052 1045 1086 manda-

107 1110 206 1139 mus,
225 1099 322 1145 quod
347 1098 445 1146 super
461 1100 658 1147 hujusmodi
676 1111 744 1135 rata
761 1110 882 1146 parte,
896 1099 950 1134 sen
968 1091 1046 1145 por*-

107 1145 206 1182 tione
221 1146 268 1182 sic
287 1151 414 1194 quovis
431 1150 535 1184 modo
552 1148 853 1190 communicanda,
873 1148 1041 1194 supplica-

85 1228 87 1232 Α
107 1193 160 1230 tio
177 1196 408 1231 manu-nostra.
428 1197 482 1230 seu
496 1197 599 1231 Rom.
612 1196 717 1231 Pom.
734 1208 796 1242 pro
810 1207 964 1243 tempore
976 1196 1044 1230 exi-

88 1242 223 1280 -flentis
244 1243 518 1279 haberi-debeat:
541 1245 641 1289 cujus
669 1244 922 1290 supplicationis
940 1244 1043 1278 solam

87 1289 309 1336 ,signaturam
334 1291 502 1333 sufficere,
532 1294 565 1327 ὅς
591 1303 649 1338 pei·
671 1292 848 1327 Datarium
864 1319 872 1331 ,
890 1294 923 1326 ὅ(
940 1291 1043 1338 Regi-

105 1338 209 1374 strum
237 1338 542 1386 supplicationum,
558 1352 652 1374 more
675 1340 796 1380 solito,
821 1340 958 1374 mitti&
981 1352 1043 1387 pio

106 1385 296 1433 fignatura,
315 1388 348 1420 dc
363 1388 471 1432 gratia
491 1389 809 1423 communicationis
827 1387 1020 1422 officiorum
1033 1413 1043 1427 ,

105 1433 304 1482 hujusmodi
325 1435 367 1470 ad
387 1448 506 1474 vitam,
526 1436 585 1470 v'el.
597 1436 689 1470 aliud
719 1446 853 1482 tempus
877 1437 963 1471 ultra
988 1447 1044 1468 an—

105 1493 185 1516 num
203 1483 461 1525 cumdimidio,
482 1485 638 1530 quinque
656 1497 718 1530 pro
742 1496 832 1518 anno
851 1496 936 1518 vero
963 1495 1041 1518 cum

105 1530 250 1566 dimidio
262 1547 277 1572 ,⁴
295 1543 354 1566 aut
385 1532 504 1567 minori
537 1542 691 1578 tempore
723 1532 1041 1566 commucicationis

85 1577 296 1614 mfficiorum
315 1579 511 1627 hujusmodi
529 1591 654 1628 quovis
670 1580 776 1614 rnodo
793 1578 1039 1621 faciendorum,

103 1625 174 1666 duo
192 1627 313 1671 ducati
329 1628 400 1664 auri
415 1629 606 1664 de'camel'a‘
622 1640 683 1675 pro
703 1628 862 1676 quolibet
885 1639 1040 1662 centena-

101 1678 157 1711 rio
173 1677 219 1712 ad
241 1676 362 1712 distairi
385 1677 548 1712 rationem
567 1677 768 1724 respefflve,
817 1689 855 1711 ro
873 1688 937 1724 qua
954 1688 1040 1722 prae-

101 1723 170 1760 fata
186 1721 274 1765 rata,
299 1724 356 1759 seu
374 1736 490 1771 portio
513 1725 762 1761 communicata
773 1688 876 1759 iiierit
893 1751 903 1764 ,
916 1725 1038 1770 recipi,

101 1773 137 1808 δε
151 1771 329 1808 consensus
345 1773 682 1815 communicationis,
700 1773 759 1807 seu
777 1772 817 1806 ad
837 1784 965 1818 partem
978 1773 1037 1807 ad-

100 1820 261 1856 mistionis
287 1821 409 1867 vigore
438 1821 692 1868 supplicationis
720 1820 864 1866 desuper
901 1821 1038 1866 fignatae

99 1867 296 1916 hujusmodi
321 1880 433 1904 coram
465 1881 536 1904 uno
564 1881 603 1903 ex
627 1870 781 1904 Camerae
820 1868 1039 1914 Apostolicae

91 1915 257 1953 ·Notariis
282 1916 458 1950 dumtaxat
486 1917 654 1963 praestari,
680 1918 713 1952 &
733 1928 792 1963 per
820 1916 949 1950 eumin
968 1930 1037 1951 uno

99 1963 134 1998 iri
149 1964 183 1999 d.
201 1964 363 2006 camera,
376 1966 410 2000 ὃς
428 1964 498 1999 aliis
512 1965 605 2001 libris
624 1965 841 2011 penesi'psnm
859 1963 1036 1999 Datarium

100 2025 166 2059 pro
189 2023 344 2059 tempore
373 2013 566 2048 existentem
596 2011 832 2048 construendis
869 2012 1034 2058 registrari

98 2060 246 2103 debeat,
267 2062 301 2097 &
317 2072 379 2108 pro
399 2061 455 2096 tali
472 2061 687 2108 registratura
702 2088 711 2101 ‚
731 2061 894 2095 &labore
922 2061 1035 2107 cujus-

98 2119 172 2155 que
190 2109 358 2155 portionis
374 2108 625 2156 cujuscumque
645 2109 783 2146 summae
800 2109 919 2154 vigore
933 2109 1035 2143 unitis

98 2155 352 2204 supplicationis
386 2157 480 2192 alteri
518 2157 779 2203 communicatae
809 2157 897 2191 ultra
917 2168 1033 2191 unum

97 2204 249 2252 grolsum
263 2232 274 2246 ,
289 2205 422 2240 leonem
437 2217 691 2254 nuncupatum,
709 2207 752 2241 ab
771 2205 874 2241 altera
891 2205 1033 2252 partium

98 2253 205 2298 recipi
234 2265 302 2288 non
323 2252 432 2300 pollit.

149 2301 386 2338 Decernentes
405 2301 640 2348 quascumque
661 2299 858 2340 societates,
878 2312 1033 2335 commu-

96 2348 304 2389 nicationes,
328 2351 362 2384 &
379 2350 572 2384 commistus
591 2348 634 2382 de
659 2360 788 2383 caetero
801 2347 978 2384 faciendos
992 2349 1032 2382 si-

96 2408 141 2432 ne
160 2397 307 2444 expressa
332 2397 441 2432 nostra
454 2424 464 2438 ,
481 2409 521 2431 ac
545 2396 645 2433 Rom.
672 2395 848 2431 pontificis
864 2408 928 2443 pro
947 2407 1032 2432 tem-

94 2457 181 2494 pore
197 2445 388 2485 existentis,
403 2447 436 2479 δε
453 2447 618 2480 canonice
641 2445 793 2479 intrantis
809 2445 1031 2491 approbatio-

34 2515 41 2526 ·
93 2495 186 2530 ne&
208 2494 394 2541 signatura,
421 2494 547 2533 irritas,
565 2494 597 2527 ὃς
619 2495 749 2532 inanes,
775 2504 816 2527 ac
837 2492 1029 2538 portionem

94 2543 191 2579 alteri
211 2543 336 2587 quovis
355 2541 460 2576 modo
477 2554 538 2588 pro
554 2553 706 2588 ternpore
731 2540 797 2574 fine
812 2541 1029 2588 approbatio-

82 2602 139 2626 rne
156 2591 189 2626 &
206 2590 376 2636 signatura
395 2589 515 2624 nostris
538 2589 746 2637 affignaiam,
766 2586 819 2622 seu
839 2589 1028 2623 communi-

94 2649 228 2678 catam,
253 2639 353 2674 dieta:
380 2638 534 2673 Camerae
563 2638 780 2683 Apostolicae
804 2637 1028 2682 applicatam,

94 2687 130 2722 &
144 2687 346 2733 applicatas,
371 2697 412 2721 ac
433 2697 658 2732 quaecunqne
679 2686 792 2733 pacta,
829 2686 862 2719 ὅς
880 2697 1029 2720 conven-

91 2734 208 2769 tiones
226 2735 325 2782 super
349 2733 446 2769 dietis
469 2734 590 2769 officiis
617 2734 683 2769 line
707 2734 814 2768 nollra
829 2759 836 2771 ,
852 2742 909 2767 aut
929 2733 1030 2767 distas

49 2817 54 2822 ,
79 2781 328 2818 [εάἰςΙίεεηῖἰε
351 2795 414 2829 pro
432 2791 587 2829 tempore
609 2781 711 2823 inita,
731 2793 898 2828 tamquam
922 2780 1030 2827 suspe-

93 2830 167 2872 sta,
190 2832 224 2867 δε
244 2831 380 2871 illicita,
395 2829 487 2864 nulla
505 2831 725 2864 declaramus.

143 2879 385 2926 Adjicientes‚
409 2879 509 2926 quod
527 2879 548 2912 si
566 2878 710 2924 aliquam
730 2890 853 2925 partem
871 2877 1029 2924 pecunia-

95 2938 168 2961 rum
184 2926 283 2973 super
301 2927 422 2961 officiis
441 2926 635 2973 hujusmodi
658 2926 699 2959 ad
726 2938 857 2972 tempus
876 2925 1028 2959 nondum

95 2973 257 3010 effluxum
274 2975 454 3015 babentes.
471 2986 512 3009 ac
538 2973 707 3008 beneficio
736 2975 837 3020 liujus
863 2973 1029 3008 constitu-

94 3022 199 3058 tionis
211 3049 221 3064 ,
239 3023 282 3056 ad
295 3023 488 3058 salvandum
510 3022 672 3069 pecunias
687 3021 910 3062 officialibus,
932 3020 1030 3066 super

93 3082 213 3105 eorum
227 3070 348 3105 officiis
360 3081 529 3106 mutuatas
543 3071 575 3103 in
590 3081 750 3104 eventum
767 3070 882 3104 obitus
899 3080 1030 3103 eorum-

93 3118 172 3153 dem
192 3117 386 3154 officialium
398 3145 412 3159 „
426 3118 478 3153 uti
494 3119 649 3154 volentes
666 3117 768 3152 modo
785 3116 954 3163 praemisso
967 3115 1030 3151 sol-

97 3179 240 3210 ventes,
259 3167 294 3202 &
321 3166 584 3213 supplicationes
605 3165 748 3212 desuper
771 3165 914 3213 signatas
940 3165 1030 3200 obti-

95 3225 234 3256 nemea,
253 3227 413 3261 pecunias
430 3212 632 3248 officialibus
649 3213 844 3259 hujusmodi
859 3223 1029 3247 mutuatas

63 3275 79 3280 ·⁴
96 3263 133 3299 in
154 3273 314 3300 eventum
342 3273 461 3297 eorum
483 3262 599 3296 obitus
628 3261 671 3295 de
697 3262 812 3307 pretiis
839 3261 1028 3296 officiorum

97 3306 360 3347 vendendorum
380 3321 579 3355 recuperare
607 3309 769 3350 debeant,
794 3308 1030 3355 praemiffaque

99 3359 212 3395 omnia
233 3358 265 3393 in
291 3359 363 3393 aliis
385 3357 504 3392 officiis
531 3357 631 3397 distae
657 3357 775 3392 Curiae
801 3357 842 3400 ad
868 3357 1029 3391 Camera-

36 3432 38 3434 -
77 3407 205 3449 -ssrium,
224 3405 572 3445 Vicecaneellarium,
602 3405 895 3440 Poenitentiarium
921 3406 1029 3450 majo-

99 3458 167 3491 r'em
179 3482 190 3498 ‚
206 3457 240 3491 &
263 3454 356 3490 sacrii
373 3453 489 3488 Palatii
516 3453 710 3500 Apostolici
731 3452 920 3489 Auditores
938 3450 1028 3498 spec-

99 3503 205 3539 tantia
217 3530 228 3546 ‚
244 3502 432 3543 dummodo
453 3502 495 3535 ad
512 3501 581 3535 lioc
595 3501 739 3546 ipsorum
750 3527 759 3542 ,
775 3512 924 3547 quorum
945 3501 1028 3536 inte-

100 3549 347 3599 rest-expressus
368 3548 542 3585 acceiserit
562 3548 725 3589 assensus,
740 3550 854 3584 locum
872 3549 931 3583 sibi
952 3560 1030 3582 ven·

100 3597 228 3634 dicare*
239 3599 398 3634 volumus
408 3625 418 3639 ‚
436 3608 542 3645 atque
562 3596 786 3632 decernimus.

150 3646 209 3680 Ac
221 3655 284 3693 pro
297 3645 442 3693 ipsorum
467 3644 680 3685 officialium,
699 3645 733 3679 ὅ(
755 3643 1028 3681 contrahentium

81 3693 339 3741 indemnitate,
365 3706 482 3737 motu,
500 3693 657 3735 scientia,
679 3693 713 3726 &
742 3692 1031 3741 potestateiimili·

1098 193 1170 252 X;
1192 190 1338 275 *sup'q
1360 195 1555 257 societ.
1594 197 1690 258 off.
1923 197 2046 275 ‘497

1110 287 1285 322 bus'etiam
1305 288 1535 332 decernimus,
1556 293 1652 339 quod
1667 292 1704 326 in'
1719 303 1880 327 eventum
1895 291 1927 327 in
1941 305 2045 340 quem

1108 335 1294 381 contigerit
1329 337 1416 372 lianc
1452 339 1522 373 nost
1531 352 1596 374 ram
1620 339 1897 374 constitutionem
1930 343 2043 389 aliqua

1105 383 1258 431 ratione,
1277 384 1328 418 ve!
1347 386 1444 420 causa
1459 387 1490 419 in
1509 399 1607 427 tore,
1625 387 1738 423 veliti·
1753 399 1847 432 parte
1863 388 2040 435 extingui,

1105 429 1161 464 seu
1179 433 1332 466 revocari
1349 444 1407 467 aut
1423 433 1511 479 ipsos
1527 435 1705 476 officiales,
1722 438 1776 470 vel
1787 436 2039 476 contrahentes,

1105 478 1313 530 declaramus
1331 492 1513 527 quominus
1528 483 1755 517 emolumenta
1776 484 1871 529 juxta
1888 494 2040 518 conven-

1107 534 1236 560 tionem
1251 526 1339 562 inter
1361 540 1420 563 eos
1449 530 1564 566 fastam
1584 531 1638 566 seu
1660 530 1845 565 faciendam
1859 556 1869 571 ,
1888 541 2038 576 percipe-

1108 584 1144 608 re
1166 574 1270 608 libere
1303 576 1434 622 pollent
1467 579 1734 624 quomodolibet
1769 577 1923 625 impediri
1936 604 1946 618 ,
1978 588 2038 613 aut

1108 622 1297 664 molestari,
1329 636 1390 658 nos
1415 626 1449 660 ὅ(
1473 626 1675 661 snccessores
1699 626 1829 661 nostros
1856 626 1889 660 ὅ(
1913 625 2037 673 Came-

1106 681 1173 704 ram
1192 672 1423 716 Apostolicam
1448 674 1638 719 pra-fatam,
1664 675 1697 709 ὃς
1715 675 1788 721 ejus
1814 676 1903 709 bona
1922 674 1954 707 in
1971 674 2037 707 vim

1107 717 1209 753 validi
1222 720 1274 758 ‚&
1291 719 1433 754 efficacis
1452 722 1645 756 contraetus
1661 723 1734 769 ipsis
1747 721 1959 761 officialibus,
1982 721 2036 758 vel

1106 767 1390 802 contrahentibus
1410 779 1473 813 pro
1489 779 1643 815 tempore
1667 771 1886 805 existentibus
1907 768 2036 817 obliga-

1091 825 1191 849 ·mus.
1207 828 1209 831 ·
1237 815 1274 849 85
1292 827 1373 850 vero
1392 815 1492 851 fuerit
1518 816 1600 852 faeta
1614 818 1728 865 aliqua
1747 817 1925 852 diminutio
1945 829 2036 852 emo-

1105 860 1332 898 lunentorum
1360 863 1556 906 huiusmodi
1589 864 1631 900 ad
1653 864 1872 905 solvendum,
1893 864 1925 900 &
1947 865 2036 900 satis-

1105 907 1296 944 faciendum
1322 911 1396 958 ipfis
1422 913 1466 947 de
1491 911 1636 954 summa,
1657 924 1757 961 quam
1789 912 1922 947 eosdem
1948 925 2033 948 con-

1104 957 1273 992 tralientes
1290 971 1351 1006 pro
1374 959 1568 1006 hujusmodi
1589 961 1779 996 minutione
1794 959 1928 995 amisisse
1946 973 2031 995 cou-

1104 1003 1211 1041 stabir.
1710 1027 1711 1030 =

1151 1052 1187 1086 Si
1201 1065 1310 1089 autem
1327 1055 1508 1100 praesentes
1518 1055 1644 1093 litteras
1655 1057 1808 1092 revocari
1825 1056 2008 1103 contigerit
2020 1083 2031 1099 ,

1103 1100 1145 1134 ad
1171 1102 1436 1144 restituendum,
1467 1103 1522 1138 seu
1544 1105 1670 1140 restitui
1696 1103 1884 1140 faciendum
1910 1104 2031 1139 eisdem

1103 1150 1397 1192 contrahentibus,
1423 1162 1506 1186 tunc
1528 1164 1590 1198 pro
1621 1163 1773 1199 tempore
1793 1152 2029 1194 existentibus,

1077 1224 1081 1227 i
1097 1205 1208 1230 totam
1230 1199 1316 1232 illam
1337 1199 1509 1240 summam,
1533 1212 1633 1246 quam
1649 1213 1711 1247 pro
1728 1197 1848 1235 eisdem
1864 1200 2031 1237 societati-

1102 1245 1167 1277 bus
1182 1244 1311 1279 solz-isse
1323 1247 1507 1288 constabit,
1528 1247 1559 1282 in
1576 1249 1699 1295 quibus
1713 1249 1808 1284 nullo
1824 1252 1942 1291 modo,
1957 1249 2031 1285 nul·

1101 1292 1176 1326 lave
1197 1295 1346 1335 ratione,
1375 1296 1426 1329 vel
1448 1294 1544 1329 causa
1569 1297 1758 1342 computari
1786 1296 1954 1338 debeant,
1973 1296 2031 1331 seu

1101 1340 1221 1385 poffint
1236 1342 1268 1375 in
1290 1353 1386 1381 toto.
1402 1345 1457 1378 vel
1474 1343 1506 1377 in
1523 1344 1617 1388 parte
1634 1345 1875 1386 emolumenta,
1895 1357 1954 1390 per
1969 1357 2029 1380 eos

1100 1389 1230 1422 inierim
1258 1401 1436 1436 percepta,
1474 1390 1529 1424 sed
1549 1403 1608 1426 eos
1625 1393 1657 1426 ὅτ.
1683 1403 1801 1426 eorum
1824 1393 2026 1440 quemlibet,

1098 1435 1191 1483 justo
1205 1463 1213 1477 ‚
1229 1438 1428 1485 &legitimo
1448 1438 1549 1475 titulo
1568 1441 1796 1475 emolumenta
1817 1447 1975 1485 percepta
1990 1441 2029 1474 fi-

1099 1484 1130 1517 bi
1143 1485 1330 1531 acquirere,
1354 1488 1386 1520 &
1400 1498 1437 1521 ut
1452 1487 1505 1521 sua
1525 1487 1667 1522 retinere
1682 1487 1794 1534 posse,
1810 1489 1844 1522 ὃς
1857 1488 1990 1522 debete.

1147 1532 1348 1567 mandamns
1380 1546 1542 1580 praeterea
1566 1535 1728 1582 praedicto
1758 1536 1948 1571 Came-ratio
1964 1563 1972 1577 ,
1996 1539 2030 1573 <Sc

1099 1579 1251 1615 Cometa·
1269 1582 1484 1629 Apostolicae
1499 1583 1640 1618 Clericis
1654 1583 1924 1629 praesidentibus,
1941 1596 2031 1630 qnos

1100 1626 1196 1673 super
1210 1629 1359 1674 praefatis
1373 1630 1594 1665 societatibus
1608 1634 1860 1678 conservatores
1873 1633 1987 1678 propri
2007 1645 2032 1666 ‚s

1099 1674 1257 1721 speciales
1269 1704 1276 1717 ,
1299 1678 1330 1711 δε
1346 1677 1535 1713 ordinarios
1548 1679 1681 1724 judices
1702 1679 1902 1726 deputamus
1914 1707 1923 1719 ,
1941 1690 1978 1714 ut
1994 1680 2029 1714 in

1098 1723 1295 1769 hujusmodi
1318 1727 1602 1762 concernentibus
1623 1739 1771 1773 negotiis
1802 1727 1945 1762 efficacis
1969 1728 2029 1762 de-

1099 1771 1256 1806 senfionis
1286 1773 1442 1818 praelidio
1472 1774 1624 1810 affislaiit.
1666 1776 1913 1813 Decernenies,
1939 1783 2030 1822 quos

1097 1819 1130 1853 in
1157 1821 1326 1866 praemiffis
1342 1821 1543 1863 camerarii,
1573 1823 1626 1856 vel
1648 1823 1859 1858 Clericorum
1876 1823 2027 1869 praedist.

1097 1868 1373 1905 determinationi
1402 1870 1541 1905 omnino
1567 1871 1693 1914 stetur,
1721 1883 1784 1910 nec
1806 1871 1964 1918 cuiquam
1985 1874 2028 1907 ab

1098 1927 1213 1950 eorum
1241 1917 1383 1952 decreto
1403 1919 1592 1963 appellare,
1617 1931 1674 1954 aut
1701 1919 1790 1965 ipsos
1821 1921 2025 1953 contrahen-

1096 1974 1145 1998 tes
1163 1965 1203 1998 ad
1222 1965 1320 2000 'aliud
1341 1967 1487 2000 tribunal
1514 1966 1611 2002 etiam
1637 1967 1760 2013 vigore
1788 1965 2024 2012 rescriptorum

1096 2013 1381 2057 Apostolicorum
1409 2014 1539 2048 trahere
1558 2015 1674 2055 liceat,
1695 2026 1808 2063 neque
1834 2014 1960 2048 Clerici
1976 2015 2024 2062 ip-

1094 2059 1117 2093 si
1146 2059 1353 2108 suspeehbtis
1384 2062 1531 2108 alligati,
1565 2063 1663 2096 etiam
1693 2073 1861 2110 praetextu
1893 2063 2024 2108 portio-

1094 2117 1176 2141 num
1190 2134 1199 2148 ,
1228 2109 1261 2143 ὅ(
1288 2109 1478 2144 officiorum
1502 2122 1559 2157 per
1577 2111 1723 2157 aliquem
1742 2123 1780 2144 ex
1800 2110 1845 2149 eis
1868 2112 2024 2145 obtenta-

1093 2166 1164 2189 rum
1181 2182 1188 2194 ,
1208 2157 1242 2190 ὃς
1259 2158 1479 2195 obtentorum
1505 2157 1646 2204 pollint,
1667 2171 1743 2193 cum
1769 2158 1940 2192 verisimile
1955 2171 2023 2193 non

1076 2198 1128 2238 ‘iit
1144 2203 1272 2249 judicia
1284 2216 1337 2240 tot
1349 2205 1686 2251 praestantiffimorum
1705 2207 1850 2242 virorum
1864 2233 1871 2246 ,
1888 2206 1919 2240 in
1934 2218 2023 2253 quo-

1092 2262 1162 2284 rum
1188 2251 1289 2294 fidei,
1321 2266 1359 2287 ac
1381 2253 1573 2298 prudentia:
1597 2254 1749 2300 praefatae
1774 2253 1935 2289 Ecciefiae
1962 2267 2020 2300 pa-

1091 2299 1286 2335 trimonium
1308 2302 1476 2342 creditur,
1508 2301 1620 2350 aliqua
1652 2303 1782 2337 ratione
1806 2302 1824 2336 a
1852 2302 2023 2336 reffimdi-

1092 2358 1132 2380 ne
1151 2348 1376 2390 declinatura,
1391 2361 1560 2397 quatenus
1577 2349 1633 2396 ipsi
1651 2350 1694 2385 ad
1710 2349 1791 2384 infra
1808 2349 1997 2394 scriptarum
2007 2355 2023 2391 ,‘

1091 2395 1124 2428 ὅ(
1145 2394 1405 2442 supradifiai'uiu
1430 2397 1686 2437 sententiarum,
1706 2399 1740 2433 δε
1769 2409 1943 2445 poenarum
1959 2398 2019 2431 de-

1090 2443 1304 2479 clarationem
1332 2446 1364 2480 &
1386 2445 1643 2487 executionem,
1666 2446 1838 2480 summarie
1866 2444 2020 2491 simplici-

1091 2501 1140 2525 ter
1165 2492 1198 2526 &
1225 2491 1268 2526 de
1293 2493 1394 2540 plano
1423 2495 1513 2528 omni
1539 2494 1715 2541 judiciaria
1737 2494 1804 2528 tela
1833 2492 2018 2539 postposita

1089 2539 1184 2584 quta
1208 2540 1345 2590 stylum,
1364 2542 1397 2575 ὃ(
1419 2553 1545 2576 morem
1563 2543 1736 2583 Camerae,
1756 2542 1824 2576 sola
1843 2539 1918 2575 faeti
1933 2541 2016 2575 veri-

1089 2599 1158 2621 tate
1177 2599 1350 2634 comperta
1365 2616 1373 2629 ,
1398 2589 1642 2635 procedentes,
1662 2602 1738 2624 cum
1764 2588 1885 2630 effestu
1898 2615 1908 2630 ,
1928 2600 2018 2636 quo-

1089 2635 1151 2669 ties
1167 2637 1315 2683 requiiiti
1328 2637 1451 2672 fue-rint
1465 2664 1473 2677 ,
1487 2638 1565 2672 &id
1583 2638 1738 2674 noverint
1751 2637 1919 2684 expedire,
1932 2648 2018 2682 prae-

1088 2683 1175 2717 dicta
1190 2685 1318 2724 omnia,
1343 2686 1375 2719 ὃς
1393 2686 1517 2732 singula
1544 2685 1742 2729 observent,
1771 2687 1804 2721 ὃς
1823 2686 1865 2719 ab
1885 2686 1954 2718 aliis
1970 2686 2018 2720 sa-

1088 2731 1200 2771 ciant,
1216 2731 1274 2767 sub
1296 2734 1406 2780 poenis
1429 2746 1546 2768 eorum
1564 2734 1701 2770 arbitrio
1722 2733 1951 2780 imponendis,
1972 2734 2019 2767 in-

1090 2779 1295 2815 violabiliter
1309 2780 1493 2822 observari,
1508 2781 1754 2829 scripturasque
1769 2779 1972 2820 necessariam,
1985 2782 2020 2816 ὃς

1088 2839 1297 2873 opportunas
1316 2830 1544 2875 obligationes
1571 2829 1712 2878 desuper
1726 2829 1850 2863 iaciant
1862 2855 1871 2869 ‚
1887 2827 2019 2875 obliga-

1088 2886 1214 2918 tionem
1232 2888 1291 2923 per
1311 2889 1374 2912 nos
1392 2878 1436 2912 iic
1461 2877 1578 2912 saetam
1598 2876 1899 2924 recognoscente8‚
1914 2877 1950 2910 ὅ(
1972 2877 2020 2911 se-

1087 2934 1242 2970 quentes,
1255 2925 1370 2972 eisque
1381 2925 1592 2968 officialibus,
1607 2926 1660 2960 vel
1675 2922 1951 2960 contrahentibus
1965 2924 2020 2959 su-

1087 2983 1147 3019 per
1160 2972 1327 3018 praemiffis
1337 3000 1346 3013 ,
1359 2974 1392 3007 δε
1406 2984 1522 3008 eorum
1538 2975 1633 3020 plena
1644 3001 1651 3013 ,
1666 2975 1698 3008 δε
1714 2973 1897 3018 inviolabili
1911 2971 2020 3007 obser-

1090 3031 1246 3061 vatione,
1275 3022 1527 3068 quodcumque
1560 3022 1733 3069 'publicum
1763 3020 2027 3055 instrumentum

1088 3068 1311 3113 obligationis
1329 3070 1496 3104 bonorum
1519 3069 1553 3104 S.
1565 3069 1655 3104 RE.
1673 3069 1706 3104 &
1723 3069 1875 3103 Camerae
1889 3079 2020 3104 earum-

1087 3116 1163 3150 dem
1182 3116 1223 3150 ad
1240 3115 1386 3162 ipsorum
1406 3117 1681 3152 contrahentium
1699 3116 1951 3164 requisitionem
1963 3143 1971 3156 ,
1984 3117 2020 3151 ὅσ

1087 3164 1294 3199 ineventum
1318 3162 1516 3210 praedistum
1533 3165 1658 3213 absque
1671 3165 1806 3200 alterius
1817 3163 2019 3199 declaratio-

1088 3211 1154 3252 nis,
1183 3212 1236 3246 seu
1252 3211 1397 3246 mandati
1422 3212 1655 3258 expestatione
1677 3214 1720 3248 de
1734 3210 1904 3259 praemiffis
1920 3211 2016 3247 debi-

1088 3271 1174 3301 tam,
1192 3262 1224 3294 &
1248 3271 1412 3306 integram
1436 3259 1688 3297 satisfactionem
1713 3259 1848 3294 faciant.
1884 3261 2015 3296 Decer-

1086 3318 1205 3343 nentes
1219 3306 1388 3354 quicquid
1407 3319 1466 3353 pei·
1480 3309 1653 3344 eameram
1669 3308 1768 3355 ipsam
1784 3306 1880 3353 super
1891 3308 1959 3342 hoc
1978 3308 2015 3344 fit

1087 3356 1196 3390 aetum
1219 3356 1370 3402 gestum,
1391 3356 1722 3404 determinatumque
1743 3355 1861 3395 fuerit,
1886 3367 1926 3391 ac
1946 3356 2015 3390 sen-

1089 3404 1264 3438 tentiatum
1277 3431 1285 3441 ‚
1299 3403 1530 3448 &judicatum
1541 3431 1549 3445 ,
1564 3413 1733 3452 perpetuo
1747 3413 1851 3437 tatum
1862 3429 1872 3444 ,
1886 3403 2016 3438 firmum

1089 3451 1330 3487 &inviolabile
1351 3450 1415 3486 effe
1436 3451 1577 3492 debere,
1594 3463 1634 3487 ac
1652 3451 1782 3486 irritum
1795 3477 1804 3490 ,
1827 3451 1861 3485 ἀ
1877 3451 1974 3486 inane
1992 3452 2014 3484 ii

1088 3501 1184 3534 secus
1200 3498 1360 3545 superbis
1373 3498 1391 3532 ἐι
1412 3510 1588 3547 quoquam
1606 3499 1726 3546 quavis
1737 3497 1938 3535 auctoritate
1955 3499 2014 3533 sci-

1087 3557 1200 3588 enter,
1221 3548 1272 3580 vel
1293 3547 1486 3593 ignoranter
1501 3546 1684 3594 contigerit
1701 3547 1868 3582 attentari.

1137 3596 1222 3630 Non
1244 3593 1453 3628 obstantibus
1479 3593 1797 3634 constitutionibus,
1821 3597 1854 3629 ὅ(
1879 3592 2014 3628 ordina-

1088 3643 1237 3678 tionibus
1252 3640 1464 3687 Apossolicis
1479 3641 1654 3678 contrariis
1670 3642 1942 3691 quibuscumque
1956 3651 2017 3677 aut

1088 3692 1111 3726 si
1127 3690 1296 3738 aliquibus
1307 3690 1533 3726 communiter
1545 3717 1554 3732 ,
1566 3691 1763 3772 velsdivisim
1778 3692 1818 3725 ab
1845 3690 1959 3768 endensi
1976 3689 2017 3769 iit

1640 3749 1650 3772 t
1704 3751 1719 3783 3
1957 3748 1974 3769 e
2000 3748 2019 3772 e
