2400 3939
193 727 239 760 99

267 165 381 237 456

263 253 493 293 incommoda,
505 253 537 287 &
549 249 721 298 impensas,
733 248 849 294 sicque
869 245 1030 284 clientes,
1047 244 1080 278 &
1097 241 1230 286 litigan-

266 315 318 340 tes
337 302 483 341 laedunt,
502 308 697 336 tenerentur
709 296 752 330 ad
767 307 806 330 ea
835 293 946 328 omnia
964 293 1103 326 damna:
1125 288 1183 322 led
1201 287 1235 322 in

267 363 359 399 praxi
375 360 513 397 propter
528 347 727 394 opinionum
743 343 950 382 varietatem,
969 342 1003 375 ὅ(
1025 337 1235 377 conflictum,

268 401 394 448 quibus
406 395 678 442 excusaripotel't
692 390 867 440 imperitia,
881 401 950 423 non
980 388 1149 425 servatur,
1176 384 1236 418 nisi

268 460 361 484 tanta
386 446 469 481 esset
497 443 674 490 imperitia,
708 452 746 475 ut
768 439 881 487 posset
907 434 1109 484 aequipatari
1136 432 1234 472 dolo,

271 495 568 542 &consequenter
584 493 630 526 ob
659 497 881 524 temeritatem
914 482 1132 520 condemnari
1162 479 1236 528 pos-

272 544 360 586 sent,
377 542 473 591 quod
492 541 605 575 adhuc
622 550 688 573 non
702 536 864 575 servatur,
880 545 940 580 per
957 544 996 567 ea
1019 542 1101 580 quae
1123 529 1191 564 dixi
1205 531 1238 563 in

272 606 342 628 meo
364 592 460 626 trafl.
484 590 525 623 de
541 587 664 634 appell.
693 597 744 632 qu.
779 596 829 628 19.
857 582 980 617 remed.
1019 593 1052 623 4.
1088 579 1122 617 &⁸
1141 580 1238 626 seqq.

274 641 331 675 sed
354 638 528 686 expediret
549 635 650 682 Reip.
673 645 712 668 ut
735 644 804 667 non
840 630 928 666 adeo
954 630 1038 664 laxae
1078 628 1240 663 darentur

277 690 431 723 habenae.

323 733 546 782 Exemplifica
570 740 692 779 quarto
714 728 748 763 in
770 740 813 762 eo
831 753 840 768 ,
864 725 935 774 iqui
960 723 1078 761 vendit
1106 722 1240 772 tignum

276 784 457 825 vitiosum,
486 783 542 816 seu
579 791 686 826 pecus
726 775 945 815 morbosum,
976 783 1135 822 tanquam
1160 772 1241 807 ido-

274 845 374 868 neum
398 831 440 866 ad
470 840 599 865 certum
620 826 714 862 usum
732 853 741 867 ,
764 825 845 873 quia
866 824 886 857 fi
904 834 973 857 non
999 821 1035 856 stt
1054 820 1215 856 idoneum
1229 845 1240 860 ,

275 883 310 916 «Sc
340 880 419 915 inde
449 879 606 926 sequatur
627 875 783 909 damnum
801 900 811 914 ,
841 870 999 907 venditor
1035 879 1171 905 tenetur
1198 866 1241 903 ad

274 929 333 970 id,
365 927 466 976 quod
492 924 654 974 emptoris
682 922 841 963 interest,
872 919 974 955 etiam
1006 918 1029 954 fi
1059 917 1242 953 excederet

278 977 436 1024 duplum.

325 1025 458 1073 Neque
483 1022 593 1058 obstat
616 1029 698 1056 text.
732 1020 765 1051 in
788 1017 811 1051 l.
823 1028 873 1060 14.
890 1015 1042 1052 Julianus
1062 1015 1104 1061 ff.
1123 1014 1165 1049 de
1176 1013 1241 1048 at't.

276 1085 373 1122 empt.
409 1074 468 1108 ubi
492 1070 592 1119 quod
611 1067 781 1107 vendens,
802 1066 962 1112 ignorans
986 1063 1120 1108 tignum
1138 1062 1242 1096 vitio-

276 1121 345 1159 sum
364 1149 373 1163 ,
398 1121 455 1155 seu
478 1131 584 1168 pecus
610 1113 824 1156 morbosum,
851 1123 986 1148 tenetur
1006 1110 1114 1146 solum
1138 1110 1243 1146 aetio·

277 1182 320 1205 ne
352 1170 483 1217 empti,
514 1175 648 1216 quanto
670 1164 808 1200 minoris
835 1171 968 1210 emptor
998 1157 1241 1195 emissetfisci-

279 1218 393 1254 visset.

330 1267 427 1312 Quia
439 1260 742 1312 responde0,quod
752 1258 836 1294 illud
850 1258 952 1293 debet
964 1255 1122 1303 intelligi,
1137 1267 1244 1302 quan-

280 1315 330 1351 do
347 1314 464 1349 vendit
478 1311 707 1348 indifferenter
722 1322 790 1344 non
823 1306 928 1353 magis
943 1306 986 1340 ad
1000 1316 1104 1339 unum
1124 1304 1216 1338 usum
1233 1330 1244 1346 ,

280 1376 382 1416 quam
398 1362 442 1398 ad
456 1364 569 1402 alium,
589 1353 684 1394 sec'us
700 1357 782 1392 utin
799 1358 876 1391 calu
894 1355 998 1401 hujus
1015 1352 1244 1400 exemplifica-

279 1408 550 1459 tionis,quando
568 1407 682 1443 vendit
696 1419 735 1441 ex
760 1404 892 1452 speciali
912 1401 1114 1450 proseliione
1141 1401 1245 1442 arxis,

281 1461 339 1497 vel
350 1459 595 1506 negotiationis
609 1483 619 1498 ,
637 1453 839 1502 implicantis
867 1451 1082 1487 assertionem
1113 1450 1249 1486 idonei-

282 1508 363 1545 tatis
377 1510 460 1545 certi
477 1507 570 1543 usus.

201 1572 270 1599 100
313 1556 534 1604 Exemplifica
545 1556 670 1602 quinto
685 1551 718 1585 in
733 1550 851 1585 census
864 1546 1103 1601 debitore3qui
1118 1557 1250 1581 annuos

198 1808 267 1836 1101

226 3314 292 3340 ⁸02

283 1605 402 1643 census
414 1618 482 1640 non
497 1602 655 1649 solvit,(fi
668 1600 747 1635 istos
758 1611 888 1633 annuos
898 1597 1017 1633 cenius
1026 1596 1180 1632 interesse
1190 1606 1246 1629 ex-

282 1654 463 1692 trinsecum
478 1651 649 1699 possemus
666 1650 819 1693 vocare)
834 1648 914 1693 quia
942 1645 991 1679 isti
1019 1646 1118 1679 annui
1134 1641 1251 1680 census

284 1701 426 1751 possunt
440 1701 562 1749 procul
577 1699 684 1734 dubio
698 1696 863 1732 excedere
890 1692 1032 1741 duplum
1059 1692 1157 1739 pretii
1171 1705 1250 1727 cen-

285 1753 352 1793 (υς,
364 1748 555 1786 dummodo
570 1748 684 1795 aliqua
698 1744 910 1792 praescriptio
923 1755 991 1777 non
1006 1742 1128 1776 obstet.

339 1796 560 1845 Exemplifica
570 1797 676 1836 sexto,
689 1797 706 1840 (
720 1795 753 1828 ὃς
764 1793 898 1839 attingo
908 1790 1019 1827 casum
1029 1790 1177 1827 nostrum
1188 1790 1206 1835 )
1218 1790 1252 1824 in

284 1848 424 1886 moroso
439 1846 599 1881 debitore
612 1843 833 1883 cambiorum,
849 1841 909 1888 qui
920 1839 1088 1874 contraxit
1100 1839 1252 1874 debitum

283 1896 497 1935 cambiorum
516 1905 592 1930 curn
607 1901 801 1932 ‚mercatore
812 1916 821 1931 ,
852 1890 907 1924 seu
922 1888 1024 1924 solito
1036 1886 1204 1933 negotiari
1218 1886 1253 1920 in

283 1944 435 1986 cambiiS,
448 1944 482 1979 δι
500 1941 684 1982 tecam-biis,
705 1941 740 1975 δε
751 1939 891 1972 maxime
906 1937 940 1972 in
953 1937 1046 1978 loco,
1060 1936 1118 1970 ubi
1132 1936 1177 1970 est
1192 1946 1252 1982 pa-

282 2006 376 2032 ratus
392 1993 520 2039 semper
531 1991 626 2026 forus
639 1990 681 2024 ad
697 1987 931 2023 cambiendum
945 2012 955 2028 ,
981 1995 1021 2020 ut
1051 1984 1085 2019 in
1108 1984 1252 2019 civitate

283 2046 433 2083 Genuae,
446 2042 480 2076 &
491 2041 535 2074 fic
554 2046 766 2074 concurrunt
783 2035 942 2083 requisita
960 2061 969 2076 ,
982 2032 1027 2068 de
1039 2033 1167 2080 quibus
1183 2033 1252 2066 late

283 2093 341 2139 egi
351 2093 459 2138 fitpra
473 2092 506 2136 ξ.
523 2102 550 2123 ι.
566 2087 670 2136 quaest.
705 2112 714 2121 .
727 2096 803 2133 par.
820 2098 851 2118 2.
865 2084 966 2132 ampl.
988 2082 1020 2116 8.
1034 2094 1121 2117 num.
1139 2094 1195 2126 99.
1214 2081 1250 2117 &

285 2142 398 2189 &seq.
413 2139 495 2186 quia
505 2148 589 2172 tunc
602 2136 665 2169 istu
717 2131 876 2168 interesse
900 2130 1123 2172 cambiorum,
1147 2131 1181 2165 ὃς
1199 2140 1250 2163 re-

285 2187 496 2224 cambiorum
511 2184 622 2232 potest
637 2182 802 2219 excedere
811 2180 957 2228 duplum
973 2179 1080 2214 totius
1092 2178 1250 2225 pecuniae

283 2236 377 2272 datae
388 2233 622 2273 cambio,utin
636 2231 712 2266 casu
726 2230 770 2265 de
784 2240 857 2277 quo
862 2231 968 2277 supra
967 2227 1249 2276 subn.33.verfic.

284 2284 424 2321 extende
434 2282 558 2318 nunc&
574 2281 658 2316 ratio
675 2279 722 2315 est
738 2305 747 2319 ‚
769 2278 850 2325 quia
864 2279 905 2311 ab
933 2275 1032 2312 initio
1055 2275 1252 2311 contraeas

287 2345 328 2368 ex
343 2332 591 2381 qualitatetum
607 2327 802 2364 contractus
819 2352 829 2368 ,
856 2336 928 2361 turn
951 2324 1131 2369 creditoris
1158 2323 1252 2358 casus

285 2382 392 2417 habet
403 2378 596 2427 specificum
618 2376 790 2424 objestum
809 2375 894 2410 lucri
908 2373 1078 2414 cessantis,
1095 2373 1129 2407 ὃς
1141 2371 1253 2406 damni

286 2428 501 2477 emergentis,
521 2438 601 2475 quae
619 2425 693 2460 sunt
709 2425 850 2464 incerta,
870 2423 904 2458 ὅ(
928 2422 1079 2469 pendent
1097 2421 1116 2455 ὲ
1130 2419 1252 2455 futuro

287 2490 427 2518 eventu,
444 2488 549 2524 quare
563 2474 623 2508 iste
637 2473 730 2508 casus
749 2484 818 2507 non
830 2472 931 2506 habet
950 2469 1141 2517 specificam
1154 2469 1253 2514 obje-

287 2528 378 2562 &um
391 2526 490 2572 ipsam
508 2522 686 2571 pecuniam
703 2522 813 2556 datam
832 2519 967 2555 cambio
979 2545 988 2559 ‚
1003 2517 1058 2552 sed
1076 2518 1176 2552 babet
1187 2529 1252 2563 pro

289 2574 450 2622 specifico
465 2573 604 2619 objecto
617 2571 747 2606 lucrum
766 2567 914 2609 cessans,
930 2567 965 2601 δε
976 2566 1134 2600 damnum
1149 2577 1253 2600 emer-

288 2635 386 2671 genS,
405 2622 448 2656 de
464 2622 588 2670 quibus
603 2618 846 2654 contrahentes
855 2615 1027 2651 senserunt
1049 2614 1082 2648 in
1097 2625 1254 2649 contrae-

288 2683 342 2714 ω,
355 2673 388 2706 &
406 2670 485 2705 ideo
500 2667 657 2704 interesse
669 2666 781 2713 potest
799 2664 965 2700 excedere
977 2663 1139 2710 duplum,
1157 2663 1254 2709 juxta

288 2733 342 2761 ea,
355 2719 481 2768 quaein
492 2717 563 2751 aliis
584 2716 731 2751 terminis
749 2711 1033 2761 scripfisuprasub
1043 2724 1128 2746 num.
1146 2723 1204 2754 94,
1218 2711 1255 2748 ὠ·

290 2780 350 2814 95.
368 2772 401 2803 in
412 2779 438 2802 1.
455 2767 490 2804 &
508 2764 709 2811 2.exemplo‚
728 2761 818 2798 &ita
831 2761 941 2808 paffim
964 2760 1030 2794 fine
1053 2758 1255 2796 difficultate

291 2817 653 2853 servantmercatores.
673 2812 719 2847 Et
733 2809 831 2859 quod
843 2807 1000 2845 interesse
1026 2807 1112 2843 lucri
1127 2807 1255 2842 cessan-

291 2867 335 2903 tis
348 2863 447 2911 poffit
461 2863 604 2911 duplum
618 2873 710 2896 verae
728 2859 824 2895 sortis
840 2857 1005 2893 excedere
1017 2882 1028 2898 ,
1041 2858 1074 2891 δε
1087 2855 1156 2891 hoc
1171 2856 1209 2892 sit
1221 2855 1259 2889 il-

293 2913 355 2949 lud
367 2911 533 2953 interesse,
549 2909 646 2960 quod
663 2907 822 2958 provenit
838 2918 878 2941 ex
893 2917 928 2940 re
940 2932 949 2946 ,
961 2906 996 2940 ὃς
1016 2905 1093 2951 plus
1105 2915 1145 2938 ex
1160 2905 1260 2939 indu-

292 2962 370 2997 stria
393 2959 551 3000 hominis,
572 2970 611 2993 ut
628 2956 836 3000 mercatoris,
853 2956 887 2990 &
899 2953 1037 2989 alterius
1050 2952 1138 2987 soliti
1150 2965 1259 3000 nego-

295 3009 384 3052 tiari,
397 3008 511 3044 scribit
527 3010 622 3042 Bero.
635 3007 741 3047 confil.
763 3019 774 3040 ι
783 3016 840 3049 93.
857 3017 896 3038 ex
899 3004 993 3047 fafli
997 3003 1100 3055 serie,
1111 3003 1218 3036 numa
1229 3014 1259 3038 r.

296 3060 355 3100 ibi,
374 3058 459 3106 quod
475 3055 632 3104 intereffe,
646 3055 703 3090 lib.
715 3065 740 3089 1.
756 3054 790 3089 ὅ(
803 3051 901 3101 quod
918 3051 986 3086 boc
996 3049 1153 3085 interesse
1166 3048 1263 3086 dica-

298 3117 357 3143 tur
370 3104 640 3144 extrinsecum&
657 3103 800 3150 duplum
813 3098 979 3136 excedere
988 3097 1098 3146 possit,
1109 3107 1262 3140 eatenus,

301 3165 474 3205 quatenus
486 3151 585 3199 poflit
602 3151 670 3186 dici
682 3148 845 3190 intereffe,
860 3150 896 3184 δε
911 3148 981 3183 hoc
992 3146 1134 3195 quando
1150 3145 1265 3182 sumus

301 3205 389 3240 inter
400 3201 516 3238 solitos
530 3199 680 3242 mercari,
693 3201 727 3235 δι
738 3197 920 3246 negotiari,
936 3196 1052 3232 scribit
1068 3195 1192 3231 ibidem
1203 3222 1214 3237 ,
1229 3207 1263 3230 n.

304 3265 321 3299 3
334 3266 362 3287 1.
380 3251 437 3292 ibi,
449 3263 488 3284 ex
498 3249 625 3297 quibus.

353 3299 501 3338 Declara
527 3297 636 3344 primo
663 3295 752 3330 istud
773 3294 986 3343 exemplum,
1008 3302 1048 3329 ut
1076 3292 1263 3339 procedat,

307 3349 414 3384 dot‘to
427 3347 472 3381 de
487 3344 655 3387 interesse,
673 3345 706 3379 &
721 3343 765 3378 de
777 3345 852 3390 ejus
877 3342 1070 3392 quantitate
1082 3367 1091 3381 ,
1103 3341 1184 3388 quia
1202 3353 1266 3387 pro

306 3409 345 3432 ea
355 3394 547 3444 quantitate
557 3393 714 3434 debetur,
731 3404 795 3439 pro
813 3403 881 3438 qua
899 3390 1001 3425 fuerit
1025 3390 1219 3436 probatum.
1231 3391 1266 3425 &

304 3457 373 3480 non
401 3444 506 3483 ultra,
531 3443 609 3476 alias
637 3454 704 3476 non
729 3440 893 3488 liquidata
918 3439 1111 3487 quantitate
1122 3463 1132 3478 ,
1161 3435 1267 3473 cessat

305 3491 485 3538 obligatio,
499 3491 653 3526 &multo
678 3489 784 3537 magis
807 3487 913 3523 cessat
929 3514 938 3529 ,
957 3499 1026 3522 non
1048 3486 1196 3533 probato
1214 3487 1268 3519 in-

304 3541 440 3577 teresse.

358 3588 504 3624 Declara
519 3585 682 3626 secundo,
700 3597 739 3622 ut
751 3593 892 3634 proceat
916 3594 996 3618 cum
1022 3591 1267 3632 temperamen-

226 3627 294 3661 ·¹03
313 3649 364 3681 to,
375 3637 419 3673 de
433 3647 508 3685 quo
526 3635 754 3682 §.precedenti
766 3636 815 3683 gl.
835 3647 862 3670 t.
878 3645 909 3671 n.
923 3633 981 3667 88.

639 146 1002 234 Sigismundi
1023 144 1267 204 Scacciae
1288 139 1487 198 Τιέιὸὶ.
1511 138 1587 198 de
1610 139 1905 200 Commer.

1339 235 1489 270 Declara
1509 235 1612 270 tertio
1627 233 1844 270 extendendo
1857 260 1866 274 ,
1885 243 1924 269 ut
1936 231 2112 281 praecipue
2130 247 2250 284 proce-
2268 241 2331 278 ¹⁰⁴
2365 223 2369 229 ’

1291 283 1349 318 dat
1370 284 1404 335 in
1424 283 1583 319 interesse
1601 282 1720 333 quanti
1736 282 1892 330 plurimi,
1907 282 2006 330 quod
2031 281 2138 319 Dost.
2160 297 2253 321 corn·

1289 342 1436 366 muniter
1452 343 1576 368 vocant
1589 330 1814 372 intrinsecum,
1847 330 2030 378 (quamvis
2051 343 2122 368 non
2143 333 2253 376 reste,

1289 391 1350 426 per
1369 391 1505 429 ealquae
1522 379 1704 428 dixisupra
1719 390 1843 415 numer.
1857 391 1907 423 91·
1922 381 1940 425 )
1956 378 2034 427 quia
2051 379 2134 416 illud
2143 382 2257 429 potest

1290 429 1459 464 excedere
1469 429 1625 475 duplum,
1640 430 1741 477 Cagn.
1758 431 1790 462 in
1804 426 1828 461 l.
1846 430 1902 460 uni
1932 439 1962 472 5.
1990 430 2026 462 C.
2038 428 2174 482 desent.
2188 443 2255 477 quae

1288 487 1347 522 pro
1364 477 1487 517 eo,&c.
1513 488 1619 524 quare
1634 477 1655 510 {i
1669 475 1878 524 postmoram
1893 474 2002 511 crevit
2015 476 2193 514 aestimario
2210 479 2258 515 rei
2311 473 2322 511 ξ
2355 503 2358 510 .

1290 524 1473 576 debitae&
1488 525 1603 570 postea
1618 524 1792 564 decrevit,
1804 523 1959 559 habenda
1971 524 2016 557 est
2029 525 2256 563 consideratio

1297 573 1402 618 hujus
1415 574 1497 608 lucri
1510 584 1629 608 contra
1646 571 1835 611 morosum,
1854 572 1952 620 quod
1972 573 2103 607 lucrum
2127 574 2257 610 dicitur

1291 621 1394 666 ipsius
1408 624 1465 662 rei,
1479 622 1576 656 Paul.
1589 622 1630 655 de
1643 622 1745 664 Castr.
1758 623 1793 655 in
1803 620 1826 654 l.
1844 633 1872 665 3.
1891 622 1922 666 §.
1941 633 2022 655 nunc
2035 621 2078 655 de
2098 621 2208 669 officio,
2225 627 2260 659 in

1283 669 1327 713 fl.
1344 681 1430 721 num.
1450 670 1481 703 6.
1500 669 1533 706 &
1546 672 1619 717 Ias.
1629 669 1694 716 sub
1703 682 1788 703 num.
1806 670 1891 714 8-ff.
1909 668 1951 702 de
1960 682 1994 701 eo
2006 670 2090 716 quod
2103 681 2183 707 cert.
2195 672 2259 709 loc.

1295 719 1329 753 δι
1355 717 1437 752 ideo
1464 717 1486 752 fi
1517 729 1554 753 tu
1569 717 1670 751 fueris
1686 715 1838 751 morosus
1854 717 1887 752 in
1910 716 2086 752 reddendo
2104 718 2183 754 vino
2196 721 2259 756 tibi

1295 776 1467 807 mutuato,
1481 766 1577 814 quod
1592 765 1708 813 postea
1723 765 1826 800 valuit
1843 765 1960 799 decem
1981 766 2090 800 aureis
2107 793 2117 806 ,
2128 768 2162 802 δι
2174 779 2259 804 tem..

1295 825 1380 861 pore
1392 814 1566 849 sententiae
1581 814 1686 849 valeat
1708 812 1814 848 solum
1835 824 1987 860 quatuor
2007 840 2016 853 ,
2037 814 2141 861 judex
2159 817 2261 855 debet

1299 873 1333 897 te
1348 863 1576 897 condemnare
1594 863 1636 896 ad
1652 861 1897 897 restituendum
1925 872 2036 896 totum
2058 863 2172 898 vinum
2189 856 2262 901 mu'..

1298 920 1445 951 tuatum,
1457 913 1490 946 δε
1506 910 1645 946 ulterius
1654 910 1695 945 ad
1706 909 1761 944 sex
1777 922 1910 950 aureos,
1920 921 1956 944 ut
1970 924 2009 945 ex
2026 911 2152 958 Rebuff.
2165 913 2262 949 secu-

1299 968 1356 992 tus
1365 957 1510 1007 sumsup.
1522 972 1552 993 n.
1565 960 1621 993 28.

1349 1006 1497 1042 Declara
1521 1019 1643 1055 quarto
1659 1034 1669 1049 ,
1699 1018 1738 1041 ut
1761 1018 1830 1042 non
1855 1005 2021 1053 procedat
2044 1006 2078 1040 in
2104 1006 2260 1045 interesse
2277 994 2290 1017 ¹

1298 1065 1497 1108 convento,
1524 1056 1603 1103 quia
1630 1055 1711 1092 il¹ud
1737 1055 1857 1101 recipit
1882 1056 2109 1103 quantitatem
2136 1057 2156 1090 'a
2180 1069 2263 1096 con-

1299 1113 1521 1139 ventenuone
1539 1131 1548 1145 ,
1567 1104 1658 1139 unde
1680 1105 1700 1138 st
1720 1104 1750 1138 in
1782 1103 2019 1139 conventione
2042 1104 2089 1138 est
2115 1117 2265 1143 taxatum

1299 1149 1385 1186 infra
1407 1152 1549 1200 diplom
1564 1179 1573 1193 ,
1591 1164 1659 1187 non
1683 1152 1792 1199 potest
1817 1154 1983 1187 excedere
1997 1151 2139 1198 duplum
2150 1167 2268 1202 quam-

1301 1199 1351 1233 vis
1364 1203 1551 1283 zerelesset
1580 1203 1687 1248 majus
1707 1200 1827 1248 duplo,
1844 1200 1971 1234 secusfi
1989 1200 2027 1236 fit
2047 1210 2198 1239 taxatum
2215 1204 2267 1241 ul-

1301 1258 1351 1282 tra
1400 1262 1444 1296 up
1459 1261 1527 1284 um.

1350 1296 1417 1332 Pro
1428 1297 1720 1351 subdeclaratione
1730 1297 1834 1344 hujus
1843 1296 2083 1332 declarationis
2096 1297 2175 1334 vide
2182 1281 2265 1348 qu}

1302 1344 1370 1441 ¹2³5oe
1388 1345 1610 1443 {grispgiqsupra
1625 1349 1657 1394 ξ,
1669 1359 1691 1381 1.
1709 1346 1813 1394 quaest.
1830 1356 1954 1393 7.part.
1975 1357 2007 1380 2.
2020 1347 2120 1396 ampl.
2136 1349 2268 1386 &num⁸

1903 1491 2041 1500 —-
2045 1489 2270 1500 ——nan-——n

1658 1545 1690 1590 §.
1707 1558 1740 1592 7.
1757 1543 1871 1580 Gloss.
1885 1558 1917 1592 3.

1357 1637 1420 1693 Vel
1441 1637 1483 1672 de
1508 1640 1622 1687 quibus
1641 1640 1802 1683 cambiis,
1826 1642 1861 1680 (ς’
1887 1641 2065 1678 recambiis
2079 1641 2194 1682 constet
2212 1652 2272 1689 per

1302 1695 1478 1742 parmam,
1482 1691 1685 1737 scripturam
1697 1692 1732 1724 in
1750 1691 1948 1726 cartulariis
1963 1690 2148 1740 S.Georgii,
2169 1691 2227 1725 vel
2239 1693 2273 1724 in

1306 1734 1491 1769 cartulario
1507 1738 1719 1777 cambiarum,
1736 1749 1795 1772 aut
1801 1750 1862 1786 per
1872 1738 2052 1788 apodtffam
2071 1742 2246 1787 privatam
2259 1763 2272 1781 ,

1306 1783 1364 1818 vel
1370 1793 1433 1831 per
1445 1785 1685 1832 instrumentum
1689 1786 1869 1834 publicum,
1887 1789 1954 1826 &a

1559 1886 2006 1923 SUMMARIA.

1309 1980 1535 2035 cartularium
1555 1982 1636 2030 quid
1659 1981 1720 2026 fit,
1743 1995 1870 2018 numer.
1895 1995 1924 2020 t.
1941 1983 2034 2031 „Quot
2044 1981 2110 2026 sint
2125 1981 2276 2018 cartula-

1355 2039 1421 2083 rza,
1434 2043 1556 2066 numer.
1575 2044 1606 2078 3.
1622 2031 1656 2068 (ᾗ
1661 2032 1754 2079 seqq.
1770 2031 1875 2078 ,Quod
1883 2031 1925 2079 sit
1942 2032 2164 2066 cartularium
2183 2044 2276 2077 cang-

1357 2075 1494 2120 luorum,
1512 2092 1636 2116 numer.
1653 2092 1707 2125 30.
1718 2081 1838 2126 Quare
1861 2081 2018 2116 dicantur
2036 2080 2225 2115 cartularia
2241 2081 2274 2116 S.

1359 2124 1503 2176 Georgii,
1514 2140 1639 2163 numer.
1651 2141 1685 2175 7.
1699 2130 1773 2177 Q‘i
1795 2127 1953 2164 dicantur
1965 2123 2157 2171 cartularii,
2159 2127 2227 2177 sub
2239 2140 2275 2164 n.

1361 2185 1389 2207 1.
1408 2176 1520 2222 verfic.
1538 2179 1653 2224 infero.

1309 2224 1495 2259 Cartularii
1506 2229 1670 2272 scriptura
1683 2226 1794 2273 qualis
1805 2225 1839 2266 sit
1856 2238 1886 2261 n.
1895 2228 1928 2261 6.
1948 2225 1983 2264 Θ
2002 2238 2019 2272 3
2029 2237 2059 2261 1.

1309 2271 1436 2306 Cambii
1446 2275 1631 2309 contractus
1643 2278 1675 2308 in
1689 2275 1885 2317 cartulario,
1899 2288 1930 2310 n.
1947 2287 1986 2309 2„

1307 2320 1423 2376 Agere
1430 2323 1530 2370 potest
1543 2325 1692 2371 campsor
1697 2333 1756 2370 pro
1779 2324 1918 2365 cambio,
1930 2327 2034 2360 etiam
2047 2324 2172 2360 litteris
2184 2335 2274 2359 cant-

1358 2368 1484 2465 (ἔγωγε
1506 2372 1677 2420 confeHis,
1698 2383 1786 2405 num.
1818 2372 1851 2408 8.
1880 2372 2108 2414 Declaratur,
2128 2385 2215 2410 num.
2237 2384 2274 2417 9.

1425 2432 1496 2466 eqq.

1310 2466 1524 2523 Campsaritts
1538 2469 1570 2514 fi
1575 2467 1718 2517 promifit
1722 2472 1844 2518 facere
1859 2471 1992 2505 litteras
2009 2469 2130 2505 cambii
2145 2496 2155 2512 ,
2166 2469 2201 2508 ό
2215 2480 2278 2505 non

1352 2515 1452 2562 fecit,
1469 2518 1565 2552 debet
1580 2522 1748 2554 conveniri
1757 2520 1805 2554 ad
1810 2519 1994 2567 faciendas
2015 2519 2161 2560 litteras,
2167 2520 2278 2566 prius·
2296 2519 2302 2525 '

1361 2574 1459 2620 quarn
1469 2565 1556 2612 poffit
1570 2570 1739 2603 conveniri
1751 2569 1799 2602 ad
1802 2565 2003 2616 solvendum
2017 2567 2192 2608 cambium,
2205 2577 2278 2611 n.9.

1359 2612 1458 2658 ,Qud
1467 2614 1490 2652 fi
1501 2618 1678 2663 campsoris
1687 2616 1903 2665 negligentia,
1918 2616 1977 2650 vel
1990 2617 2171 2663 campsarii
2183 2624 2278 2650 mora

1360 2662 1552 2709 nonfuerint
1562 2664 1679 2709 faflae,
1693 2677 1725 2699 n.
1741 2676 1792 2699 10.
2254 2693 2257 2695 .

1316 2707 1476 2743 Executio
1482 2710 1623 2756 fifuerit
1635 2716 1740 2759 petita
1751 2726 1790 2748 ex
1802 2724 1863 2746 uno
1877 2712 2098 2758 instrumento,
2111 2723 2170 2747 non
2178 2709 2280 2760 potest

1364 2757 1504 2813 obtineri
1516 2771 1556 2794 ex
1566 2761 1647 2801 alio,
1662 2763 1694 2794 in
1706 2774 1765 2807 quo
1773 2764 1888 2808 petitio
1898 2773 1958 2795 non
1972 2762 2016 2807 est
2020 2761 2174 2808 fundata
2185 2765 2220 2796 in
2233 2759 2280 2795 il-

1364 2805 1402 2840 la
1416 2807 1619 2850 instantia,&
1623 2811 1804 2856 prasertim
1804 2809 1835 2852 fi
1841 2810 1861 2844 ὰ
1865 2809 1991 2855 statuto
1991 2810 2035 2856 fit
2058 2809 2207 2844 traditus
2225 2808 2281 2843 da·-

1366 2857 1481 2901 versus
1497 2855 1575 2890 ordo
1582 2858 1717 2904 petendi
1734 2860 1951 2892 executionem
1963 2859 2048 2892 inter
2065 2855 2131 2891 haec
2141 2857 2205 2891 duo
2217 2856 2282 2904 infi

1363 2913 1540 2945 trumenta,
1554 2916 1640 2942 num.
1660 2918 1671 2939 r
1681 2918 1711 2939 2.
1727 2906 1928 2940 Extenditur
1940 2907 2047 2953 primo
2058 2931 2069 2946 ,
2084 2915 2118 2939 ut
2132 2903 2191 2941 hoc
2203 2916 2282 2955 pra·-

1369 2951 1468 2987 cedat
1486 2953 1613 2997 etiamst
1627 2954 1721 2989 aliud
1730 2955 1895 3000 statutum
1911 2955 2114 3003 disponeret,
2135 2955 2220 3000 quod
2245 2957 2290 2990 in

1367 2999 1470 3045 catfis
1484 3001 1644 3037 civilibus
1657 3002 1743 3050 poffit
1754 3004 1901 3050 procedi,
1914 3001 1974 3042 fine
1983 3002 2180 3045 ordine,&c.
2189 3014 2241 3040 »ω
2250 3015 2284 3049 3.

1369 3049 1404 3086 (5
1411 3049 1482 3096 fiq.
1502 3051 1703 3085 Extenditur
1713 3051 1850 3091 fecundo
1869 3062 1903 3085 ut
1915 3050 2085 3097 procedat,
2106 3053 2209 3086 etiam
2222 3049 2248 3094 [ἱ
2261 3050 2286 3087 ὀὶ

1359 3097 1488 3144 statuto
1499 3109 1559 3131 non
1569 3097 1604 3138 lit
1618 3099 1768 3134 traditus
1784 3099 1938 3146 diversus
1952 3099 2285 3147 ordofidsblumstnt

1370 3145 1580 3191 instrumenta
1592 3146 1635 3180 de
1651 3147 1787 3193 diverfis
1798 3147 1912 3187 rebus,
1918 3149 1982 3196 seu
1996 3151 2149 3197 negotiis,
2174 3160 2206 3182 n.
2231 3156 2284 3192 15.

1372 3194 1635 3242 Restringitur,ut
1641 3208 1702 3230 non
1708 3196 1876 3240 procedat,
1885 3196 2012 3242 quando
2021 3195 2208 3238 instrume'ta
2223 3204 2286 3231 nm

1362 3243 1443 3289 sunt
1448 3243 1614 3288 separata
1624 3269 1634 3284 ,
1646 3243 1789 3291 sedsunt
1804 3244 2042 3292 correspelliva
2056 3270 2065 3286 ,
2076 3248 2124 3279 ita
2138 3256 2173 3288 ut
2187 3254 2288 3279 unum

1362 3290 1430 3337 stet
1444 3291 1492 3324 ad
1502 3292 1795 3327 corroborationem
1803 3292 1946 3327 alterius
1955 3319 1965 3333 ,
1978 3295 2056 3340 quia
2073 3303 2149 3329 tunc
2157 3304 2220 3328 non
2228 3291 2289 3326 di«

1364 3349 1491 3374 ceretur
1496 3342 1602 3387 petita
1615 3344 1757 3375 executio
1770 3343 1865 3375 unius
1875 3343 1992 3389 magis,
2008 3354 2104 3388 quarn
2118 3341 2289 3383 alterius,

1374 3399 1497 3422 numer.
1518 3399 1531 3420 ι
1539 3388 1572 3423 6.
1584 3389 1632 3423 Et
1642 3388 1773 3438 quando
1785 3389 1942 3424 dicantur
1957 3392 2006 3424 ita
2023 3388 2261 3439 correspefliva
2272 3414 2288 3432 ,

1373 3447 1460 3470 num.
1484 3436 1540 3470 28.

1327 3487 1528 3520 Procurator
1546 3497 1620 3520 cum
1619 3485 1793 3534 facultate
1818 3496 1855 3520 ut
1872 3485 1960 3534 poffit
1984 3489 2134 3533 accipere
2157 3486 2290 3522 cambio

1372 3535 1506 3580 tamsuo
1516 3537 1640 3568 nomine
1645 3534 1723 3577 stilo,
1736 3547 1834 3583 quam
1845 3546 1911 3569 una
1926 3548 1998 3570 cum
2012 3535 2105 3574 aliis,
2119 3535 2220 3580 potest
2228 3548 2288 3570 ae-

1377 3585 1484 3627 cipere
1494 3580 1621 3617 cambio
1634 3586 1759 3618 nomine
1759 3583 1887 3632 sociali
1902 3609 1912 3628 ‚
1930 3583 1965 3621 (θ’
1977 3582 2125 3632 obligare
2127 3584 2238 3632 socios
2251 3585 2287 3618 in

1372 3629 1526 3680 solidum,
1534 3642 1567 3665 n.
1592 3642 1645 3678 ¹7·

2202 3678 2240 3714 V
2233 3686 2285 3719 eroj

2298 974 2358 1044 ⁰5i

2358 1147 2363 1214 i

2348 1520 2354 1532 ι
2372 1595 2388 1635 ‚i

2369 1713 2376 1842 l

2372 1848 2392 2022 ζ
