2400 3939
353 182 462 234 206

351 277 410 299 cua
433 264 512 297 id‘m
530 265 660 300 Maked.
689 266 781 314 decis
796 265 875 300 Lide
886 267 967 311 uficr.
980 269 1013 300 &
1026 264 1098 300 satis
1112 276 1220 300 totum
1237 264 1302 299 hoc

350 313 583 360 rowprobatur
596 328 633 350 ex
648 316 698 351 his
711 343 719 356 ,
746 329 819 365 quae
831 316 900 350 dixi
920 315 1019 361 fitpra
1041 326 1148 349 contra
1170 319 1307 362 primum

348 365 508 409 eqmj‘itnm
524 379 530 398 :
548 369 580 399 &c
599 367 641 400 ita
668 366 793 402 servant
809 364 998 400 Genuenses
1015 391 1024 403 ‚
1041 366 1100 412 qui
1125 364 1191 399 hoc
1203 365 1314 413 requi-

347 412 441 447 situm
456 426 524 448 non
537 415 718 452 attendunt.

397 464 524 498 Contra
547 467 677 499 tertium
694 492 701 503 ,
719 479 787 513 quo
812 463 955 499 creditor
979 466 1117 498 arehtur
1143 463 1184 498 ad
1209 459 1321 496 notifi-

360 513 502 548 candum
517 514 659 550 debitori
681 542 690 555 ‚
707 520 738 549 δέ
756 514 998 562 potestandum
1016 538 1025 551 ‚
1054 512 1085 546 se
1109 523 1322 560 accepturum

353 566 509 608 pecunias
521 564 651 598 cambio
666 590 676 604 ‚
696 564 747 598 seu
774 563 831 598 sub
851 563 917 598 alio
949 562 1095 598 inter-effi:
1122 589 1131 603 ‚
1154 562 1258 597 obstat
1285 562 1321 594 iu

353 614 469 658 primis
483 617 616 647 eandtm
633 614 799 660 oppositio
813 639 820 650 ‚
841 626 941 660 quam
967 612 1088 646 adduxi
1117 625 1233 646 contra
1251 612 1319 658 pri-

352 665 541 709 rnmmquia
556 662 578 696 si
592 677 659 696 non
674 664 716 696 cst
740 662 908 697 necessaria
936 663 1082 708 acceptio
1116 662 1292 708 pecuniarii
1309 686 1317 698 ‚

350 710 467 758 easque
479 725 649 759 propterea
665 726 732 746 non
759 714 894 759 accipit,
911 725 979 746 non
996 711 1096 758 potest
1114 712 1237 758 requiri
1253 711 1318 745 ltaec

349 759 564 796 denunciatio
579 788 587 801 ,
602 766 633 796 &
649 763 835 808 protestatio
851 787 860 800 ‚
874 765 907 795 δε
926 762 1005 796 dato
1026 787 1035 801 ‚
1065 761 1156 807 quod
1174 761 1318 796 creditor

349 809 426 843 velit
438 818 489 844 eas
505 813 649 859 accipere
664 839 672 849 ,
685 816 846 861 &agatur
859 811 900 845 de
913 811 1036 845 damno
1057 822 1254 859 emergente,
1270 823 1316 845 ta-

347 872 422 893 men
438 861 548 896 adhuc
562 862 722 897 censerem
747 889 754 900 ,
778 861 837 896 csse
854 860 1028 908 superfluas
1042 886 1050 900 ,
1065 862 1143 907 quia
1178 886 1188 900 ,
1214 859 1309 907 quod

342 921 405 956 ego
421 912 524 956 patiar
542 939 551 952 ,
567 912 616 946 vel
632 926 698 947 non
714 913 816 959 patiar
834 911 992 945 damnum
1014 938 1021 951 ,
1035 923 1102 944 non
1125 910 1272 956 procedit
1290 909 1308 943 a

341 961 595 1005 protestatione,
613 976 713 1010 quarn
747 962 905 1000 fsccrem,
925 960 977 995 sed
1001 960 1151 1007 procedit
1169 959 1186 993 ὲ
1214 973 1307 995 mora

341 1010 405 1042 mei
419 1010 588 1050 debitoris,
605 1017 634 1046 ἀ
652 1014 785 1051 damno,
807 1012 882 1045 iude
895 1010 1004 1046 secuto
1020 1025 1028 1050 ·,
1043 1013 1075 1043 &
1089 1009 1173 1043 mihi
1188 1009 1302 1044 damni

340 1060 528 1095 emendatio
543 1075 609 1096 non
625 1063 728 1110 magis
757 1060 893 1096 debetur
913 1087 922 1101 ,
940 1061 1020 1108 quia
1048 1059 1167 1094 fuerim
1195 1072 1303 1106 prote-

342 1109 436 1142 slatus
449 1135 457 1148 ,
470 1123 568 1157 quam
583 1111 603 1145 si
620 1125 686 1145 non
700 1112 820 1146 fuerim
836 1111 1026 1158 protestatus
1041 1136 1050 1150 ‚
1065 1122 1140 1144 curn
1157 1109 1212 1145 illa
1226 1122 1302 1156 pro-

339 1158 464 1193 testatio
478 1160 574 1206 possit
591 1160 697 1196 solutn
709 1165 822 1209 juvate
836 1160 877 1194 ad
901 1160 1134 1196 declarandum
1151 1161 1300 1195 animum

336 1209 490 1254 patientis
503 1209 663 1247 damnum
690 1238 699 1252 ,
725 1211 899 1259 quotinon
924 1209 1069 1246 intendit
1083 1208 1167 1244 illud
1190 1210 1302 1245 remit-

336 1262 473 1296 tere,&
500 1272 569 1295 non
596 1262 699 1309 potest
716 1260 843 1295 causare
867 1259 1109 1311 obligationem
1145 1259 1299 1294 damnifi-

338 1310 442 1342 cantis
457 1334 466 1348 ,
482 1310 542 1356 qui
560 1310 636 1345 alias
651 1324 718 1345 non
732 1311 806 1345 esset
827 1310 992 1359 obligatus
1008 1325 1019 1348 ,·
1033 1322 1134 1357 quare
1156 1309 1177 1344 fi
1193 1309 1299 1344 credi-

337 1367 389 1392 tor
413 1359 572 1407 acciperet
604 1359 660 1395 sub
687 1360 844 1395 excessivo
860 1387 869 1400 ‚
888 1362 940 1395 seu
965 1360 1116 1396 simulato
1150 1359 1296 1394 interesse

332 1409 487 1453 pecunias
502 1435 509 1447 ‚
526 1409 655 1445 debitor
671 1411 711 1445 ad
726 1411 810 1445 illud
828 1424 897 1445 non
923 1422 1088 1447 teneretur
1100 1435 1109 1449 ,
1143 1411 1295 1457 quamvis

333 1457 451 1493 millies
462 1459 491 1492 ei
507 1460 649 1495 creditor
673 1459 894 1495 denunciaffet
909 1488 919 1502 ,
936 1475 973 1496 ac
989 1459 1181 1509 protestatus
1195 1458 1267 1494 esset
1281 1475 1293 1498 ,-

331 1509 364 1540 δε
379 1507 396 1541 e
415 1508 572 1544 converso
587 1535 595 1550 ,
616 1509 636 1545 si
663 1508 717 1544 sub
734 1511 906 1545 moderato
937 1511 1063 1546 foenere
1086 1511 1245 1557 acciperet
1256 1511 1298 1545 ad

330 1557 502 1591 emendam
518 1571 698 1600 annonam,
714 1558 907 1608 priusquam
922 1566 993 1608 ejus
1006 1561 1150 1609 pretium
1164 1573 1296 1608 augete-

330 1617 401 1644 tur,
416 1607 547 1643 debitor
569 1622 733 1646 teneretur
753 1611 795 1645 ad
820 1611 905 1646 illud
939 1638 948 1652 ‚
973 1612 1127 1660 quamvis
1153 1611 1297 1646 creditor

328 1656 480 1693 omisisset
491 1661 657 1705 protestari
673 1687 682 1702 ,
698 1662 778 1707 quia
802 1674 870 1695 non
884 1660 981 1696 debet
993 1662 1137 1696 creditor
1149 1673 1188 1694 ex
1204 1674 1297 1696 mora

329 1705 489 1743 debitoris
509 1709 576 1755 pati
590 1709 674 1744 illud
688 1709 858 1750 damnt‘i,&
876 1711 1024 1746 interesse
1042 1737 1051 1752 ,
1065 1714 1098 1745 &
1113 1709 1244 1745 debitor
1257 1724 1295 1746 ex

328 1768 421 1790 mora
435 1760 570 1805 propria
583 1759 713 1795 lucrum
729 1759 899 1808 consequi,
918 1760 939 1795 si
956 1762 1105 1809 pecuniis
1121 1761 1293 1796 creditoris

326 1819 495 1843 annonam
511 1808 622 1844 viliori
638 1809 761 1845 emiffet
775 1813 957 1858 pretio,aut
972 1811 1093 1846 emisset
1107 1810 1216 1845 forsan
1233 1810 1293 1845 ali-

271 1869 275 1871 *
326 1858 419 1902 quod
434 1858 591 1906 praedium
608 1859 805 1909 frugiferum
820 1887 832 1901 ‚
845 1861 895 1896 vel
913 1875 1060 1898 annuum
1074 1861 1230 1899 reditum,
1244 1862 1294 1894 in-

323 1906 434 1954 deque
449 1909 578 1945 lucrum
602 1924 751 1946 annuum
781 1913 963 1959 perciperet
981 1927 987 1948 :
1004 1915 1036 1948 &
1050 1910 1185 1946 demum
1201 1911 1293 1946 debi-

323 1967 430 1993 torem
453 1959 623 1996 morosum
661 1961 763 1996 teneti
801 1963 842 1997 ad
881 1963 1151 1999 emendationem
1186 1962 1286 2009 liujus

321 2007 435 2044 damni
445 2012 654 2061 emergentis,
667 2010 831 2053 scribunt,
847 2012 937 2048 nulla
952 2013 1036 2049 fafita
1051 2013 1222 2048 mentione
1243 2013 1285 2047 de

321 2057 384 2094 hac
393 2063 624 2107 protestatione
634 2087 645 2102 ‚
659 2062 789 2098 Pemde
801 2064 906 2100 Anch.
919 2066 952 2098 &
967 2068 1007 2100 Io.
1023 2069 1125 2100 Aur.
1139 2076 1224 2111 quos
1238 2062 1284 2099 se-

321 2121 416 2145 cutus
430 2111 501 2147 sum
516 2114 604 2159 infra
617 2125 721 2148 num.2
731 2114 772 2148 82
781 2113 974 2166 ‚ibiscptimo
988 2120 1072 2164 quia.
1086 2115 1161 2149 licet
1175 2118 1283 2149 Azor.

316 2158 383 2205 pest
396 2167 483 2210 Ang.
498 2175 599 2210 quem
614 2163 691 2197 citat
701 2188 711 2202 ‚
725 2165 871 2210 requirat
885 2167 1099 2205 ,monendum
1115 2163 1175 2199 esse
1187 2164 1283 2199 debi-

321 2219 426 2244 torem
438 2237 448 2252 ,
461 2214 540 2260 quia
555 2215 702 2248 monitus
728 2213 837 2249 forsan
860 2213 997 2255 solveret
1012 2243 1020 2256 ‚
1034 2215 1084 2251 vel
1098 2215 1191 2250 aliter
1204 2228 1282 2263 pro-

319 2258 442 2296 videret
456 2277 464 2303 ;
482 2261 535 2298 sed
563 2276 670 2310 neque
695 2265 918 2300 monitionem
945 2266 1031 2302 hanc
1057 2266 1118 2302 esse
1140 2265 1274 2301 necessa-

318 2309 399 2344 riam
414 2324 500 2358 patet
525 2326 561 2347 ex
576 2313 626 2347 his
639 2339 648 2354 ,
662 2327 734 2360 quae
747 2313 854 2362 scripsi
871 2329 922 2351 nu.
933 2317 1002 2364 seq.

368 2361 448 2395 Non
465 2362 568 2397 obstat
582 2363 636 2398 illa
652 2365 757 2410 praxis
776 2366 977 2412 protestandi
994 2367 1116 2403 litteras
1133 2369 1255 2407 cambii
1272 2400 1283 2414 ,

317 2410 397 2450 quia
410 2410 591 2458 respondeo
605 2440 613 2452 ,
630 2413 722 2460 quod
748 2415 892 2450 creditor
913 2431 951 2451 ex
975 2418 1113 2454 cambiis
1136 2422 1178 2456 ad
1205 2437 1284 2458 con-

317 2457 517 2496 stituendum
533 2462 714 2497 debitorem
728 2464 763 2498 in
776 2478 869 2500 mora
887 2492 896 2504 ,
913 2467 1010 2503 debet
1027 2471 1196 2506 ostendere
1217 2500 1225 2512 ‚
1255 2473 1284 2509 se

317 2518 469 2557 tompore
481 2511 654 2547 solutionis
670 2512 763 2549 fuisse
776 2516 812 2549 in
826 2514 900 2550 loco
918 2517 1081 2555 destinatae
1096 2518 1285 2565 solutionis,

315 2560 403 2603 juxta
416 2574 453 2595 ea
467 2587 475 2601 ,
491 2575 564 2608 quae
579 2560 685 2609 scripsi
699 2565 846 2613 §.squL
866 2579 897 2610 5.
912 2580 997 2605 num.
1013 2583 1091 2605 201.
1110 2574 1143 2605 ὃ(
1158 2586 1205 2614 ut,
1223 2574 1284 2609 ibi-

316 2607 384 2662 dem
400 2610 467 2646 dixi
478 2611 534 2655 sub
548 2624 630 2647 num.
650 2625 726 2655 204.
739 2617 771 2648 δε
790 2628 869 2660 205.
901 2618 1008 2662 praxis
1023 2619 1078 2654 illa
1092 2619 1283 2665 docendi,se

313 2654 406 2693 fuisse
421 2662 455 2694 in
471 2659 546 2696 loco
561 2687 570 2702 ,
587 2673 621 2695 ut
636 2663 793 2710 reciperet
808 2664 1005 2702 solutionem
1021 2692 1030 2707 ,
1048 2668 1143 2705 addit
1154 2673 1195 2707 ad
1209 2688 1281 2708 cau-

313 2706 410 2743 telam
432 2711 698 2757 protestationem
727 2738 735 2750 ‚
752 2727 824 2762 quae
851 2727 962 2751 tamen
982 2719 1169 2755 ‘necessaria
1210 2737 1281 2759 non

311 2755 396 2794 esset.

349 2810 467 2844 Minus
489 2809 592 2845 obstat
620 2813 699 2846 Rntae
722 2811 851 2859 misto,
878 2817 959 2865 quia
982 2817 1134 2865 procedit
1162 2821 1276 2868 quoad

308 2855 417 2893 casum
433 2885 443 2899 ,
467 2858 508 2894 de
525 2860 697 2908 quosupra
710 2875 793 2898 num.
813 2876 830 2896 2
842 2875 857 2907 5
869 2878 900 2902 ι,

357 2909 515 2944 Similiter
527 2923 595 2944 non
609 2908 714 2944 obstat
729 2936 738 2951 ‚
765 2913 859 2960 quod
883 2914 988 2963 aliqui
1015 2915 1192 2953 creditores
1214 2919 1273 2955 de-

306 2959 468 2992 nuncient
483 2958 625 2995 debitori
646 2960 848 2998 existentiam
876 2964 1055 3001 occasionis
1084 2966 1272 3016 frugiferas,

305 3018 405 3053 quarn
421 3007 553 3050 habent3
568 3009 647 3057 quia
667 3008 850 3057 respondeo
865 3040 874 3054 ‚
891 3015 984 3063 quod
998 3042 1006 3054 ‚
1022 3018 1081 3063 qui
1113 3017 1274 3055 denunci-

304 3056 449 3109 ationem
468 3057 554 3094 hanc
569 3059 702 3100 faceret,
717 3059 897 3099 abundaret
911 3064 948 3100 in
960 3066 1087 3102 cautela
1101 3093 1112 3108 ‚
1133 3066 1189 3104 sed
1203 3082 1273 3106 non

304 3105 376 3141 esset
394 3106 574 3143 necessaria.

353 3158 468 3193 Minus
482 3158 581 3193 etium
594 3157 723 3196 obstant
736 3162 808 3198 duae
823 3161 884 3196 illa:
893 3163 1173 3201 confirmationes.

341 3206 393 3240 Ad
409 3208 550 3253 primam
575 3209 666 3243 enim
690 3210 895 3258 respondeo,
920 3214 1013 3261 quod
1036 3213 1271 3250 denunciatio-

305 3255 357 3288 nis
380 3256 509 3292 omissio
539 3257 645 3304 potest
667 3257 776 3296 forsan
813 3260 872 3295 effe
913 3275 1028 3299 contra
1077 3263 1270 3300 charitatem

305 3303 357 3338 sed
373 3317 442 3339 non
457 3316 571 3341 contra
586 3308 744 3354 justitiam
757 3324 771 3349 ,·
793 3311 876 3358 quia
890 3310 1015 3356 dejure
1042 3314 1186 3350 creditor
1199 3328 1270 3350 non

304 3364 434 3389 tenetur
456 3355 658 3392 denunciare
679 3384 687 3396 ,
715 3363 750 3394 &
781 3373 916 3396 monere
943 3362 1128 3398 debitorem
1155 3378 1268 3400 moro-

309 3401 378 3438 sum
393 3405 434 3439 de
445 3405 592 3458 eo,quod
607 3406 740 3444 debitor
750 3421 880 3445 tenetur
898 3409 978 3447 scire
994 3439 1002 3451 ,
1015 3417 1050 3448 &
1064 3426 1241 3461 praecavere
1259 3430 1268 3450 ε

307 3452 385 3487 alias
399 3453 491 3502 sequi
515 3456 616 3502 pollet
642 3483 653 3497 ‚
677 3459 770 3506 quod
795 3461 938 3496 creditor
962 3462 1109 3500 debitori
1134 3464 1267 3500 moroso

307 3501 438 3538 deberet
454 3504 552 3538 etiarn
567 3506 736 3542 notificare
752 3534 762 3548 ,
777 3522 844 3557 qua
858 3523 949 3558 parte
963 3514 1045 3560 juris
1058 3525 1191 3549 cautum
1205 3513 1241 3550 fit
1255 3541 1265 3554 ,

305 3553 399 3601 quod
412 3553 544 3589 debitor
560 3556 708 3592 morosus
724 3570 872 3596 teneatur
896 3563 1054 3598 creditori
1077 3563 1119 3598 ad
1135 3563 1266 3600 lucrum

851 186 1164 260 Sigismundi
1193 186 1417 242 scacciae
1439 187 1596 244 Tra&
1624 191 1685 244 de
1709 192 1955 247 Commer

1364 262 1579 315 ceffanstquia
1592 266 1612 302 si
1626 267 1757 303 debitor
1771 268 1811 301 de
1838 259 1901 303 hoc
1925 282 2114 307 moneretur
2130 298 2138 312 ‚
2153 269 2261 305 forsan
2280 273 2330 306 in-

1367 316 1496 350 veniret
1517 318 1657 351 modurn
1696 317 1842 353 solvendi
1872 343 1881 358 ,
1904 331 1940 354 ut
1968 324 2103 356 evitaret
2130 322 2335 356 emendatio·
2399 356 2400 361 ,

1372 377 1448 398 nem
1466 366 1548 401 lucri
1559 366 1728 403 cessantis:
1757 367 1811 402 sed
1835 368 1902 402 haec
1927 367 2057 416 sequela
2081 372 2124 406 est
2148 368 2226 404 falsa
2238 373 2335 419 Ergo.
2350 369 2400 522 26⁴¹

2360 527 2400 677 1

2394 681 2398 720 ί

1378 419 1401 457 †
1415 414 1535 461 Neque
1548 417 1676 451 obstant
1705 417 1766 451 illae
1788 417 1859 452 duae
1881 419 2023 456 rationes
2052 436 2063 460 ,·
2091 421 2172 468 quia
2196 419 2338 456 admitto

1381 464 1562 512 exre-gula,
1579 467 1831 502 concedendum
1854 466 1914 502 esse
1937 471 2032 515 quod
2069 471 2160 504 alteri
2187 471 2339 515 prodest,

1381 515 1414 545 δέ
1429 513 1489 548 tibi
1504 528 1572 550 non
1587 529 1683 552 nocet
1699 533 1707 560 ;
1722 518 1775 552 sed
1789 518 1868 552 dico
1882 543 1892 558 ,
1915 518 2006 564 quod
2022 522 2176 555 creditori
2191 518 2258 555 haec
2283 521 2341 556 de-

1379 565 1551 599 nunciatio
1565 579 1662 601 nocet
1676 593 1686 608 ,
1715 568 1794 615 quia
1809 569 1949 614 requirit
1961 581 2072 604 curam
2090 595 2100 610 ,
2123 573 2157 604 δε
2185 570 2340 617 expensas

1377 611 1646 650 denunciationis
1662 632 1671 649 .·
1685 620 1717 650 &
1735 618 1810 651 ideo
1825 617 1878 651 illa
1893 617 2005 665 tegula
2031 619 2158 667 obligat
2174 645 2182 659 ‚
2202 632 2237 654 ut
2253 633 2336 654 con-

1379 663 1472 697 cedat
1488 692 1496 704 ,
1514 663 1534 698 si
1549 664 1584 699 sit
1599 665 1774 713 requisitus
1790 693 1799 707 ‚
1814 665 1864 701 sed
1882 680 1951 701 non
1966 669 2093 718 obligat
2106 671 2140 702 in
2158 669 2339 715 justitiane

1379 714 1477 747 etiam
1494 728 1561 749 nen
1576 715 1751 762 requisitus
1768 717 1928 752 concedat
1945 743 1954 758 ‚
1971 719 2040 754 imo
2055 719 2151 754 faciat
2172 721 2227 754 εδ(
2241 719 2340 757 altera

1377 762 1490 810 regula
1516 790 1524 802 ,
1553 765 1646 812 quod
1677 779 1870 813 procurator
1894 765 2011 802 dtbeat
2048 769 2224 817 negotium
2244 768 2336 804 debi-

2350 739 2381 803 ἃ,

1377 823 1458 846 toris
1477 813 1601 849 utiliter
1617 829 1728 864 gerere
1748 841 1758 857 ,
1782 816 2027 866 magisobligat
2041 845 2049 857 ,
2067 831 2102 853 ut
2131 817 2255 853 utiliter
2276 831 2334 868 ge·
2366 828 2368 830 ’

1368 873 1417 896 rat
1432 865 1604 912 negotium
1627 867 1821 913 proprium,
1838 879 1914 901 curn
1928 866 2014 902 illud
2037 868 2233 903 mand-atum
2262 881 2333 907 non

1368 911 1404 946 fit
1420 910 1544 948 factum
1555 915 1598 951 ad
1613 916 1790 952 utilitatem
1803 916 1964 952 debitoris
1979 943 1989 959 ‚
2003 917 2065 953 sed
2089 918 2131 953 ad
2145 918 2234 954 utilit
2244 930 2332 954 atem
2356 927 2358 931 ’

1365 962 1547 999 creditoris.

1415 1013 1467 1046 Ad
1479 1012 1656 1050 secundam
1684 1014 1971 1051 confirmationem
1995 1015 2180 1067 respondeo
2196 1043 2207 1058 ,
2234 1016 2329 1066 quod
2358 1011 2360 1016 ,

1361 1061 1406 1096 est
1419 1075 1503 1102 vera,
1523 1064 1696 1113 suppositis
1705 1065 1822 1114 aequali
1834 1066 2048 1102 indemutatis
2060 1065 2324 1108 conservatione,

1361 1115 1395 1146 &
1408 1114 1524 1159 aequali
1539 1117 1758 1151 incommodo
1781 1117 1956 1153 creditoris
1969 1144 1979 1158 ‚
1996 1130 2070 1164 quae
2092 1117 2262 1166 aequalitas
2274 1119 2328 1153 in·

1359 1164 1530 1199 commodi
1549 1165 1642 1201 cessat
1655 1193 1664 1205 ‚
1687 1178 1723 1201 ut
1736 1165 1816 1201 dixi.

1407 1214 1533 1249 Contra
1548 1228 1705 1264 quartum
1721 1241 1731 1257 ‚
1755 1229 1826 1263 quo
1841 1218 1982 1252 arctatur
1999 1216 2041 1250 ad
2055 1215 2120 1251 den
2136 1228 2184 1251 uo
2196 1215 2328 1251 denun-

1356 1263 1512 1299 ciandum
1535 1290 1544 1304 ‚
1560 1267 1629 1313 post
1644 1269 1851 1302 contraCtum
1874 1267 2027 1302 debitum
2060 1264 2120 1301 sub
2145 1264 2290 1301 interesse
2314 1291 2325 1306 ‚

1355 1311 1485 1349 obstant
1502 1341 1511 1354 ‚
1526 1329 1598 1363 quae
1620 1316 1688 1351 dixi
1703 1320 1737 1351 in
1744 1316 1930 1363 praecedenti
1945 1331 1958 1355 ς
1973 1320 2003 1352 δι
2019 1315 2113 1364 quod
2125 1315 2146 1350 fi
2161 1314 2326 1364 fidejussor
2366 1345 2370 1354 s

1354 1365 1495 1411 accipiat
1509 1367 1664 1412 pecunias
1682 1365 1741 1402 sub
1755 1365 1907 1401 interesse
1920 1393 1931 1407 ,
1949 1370 1983 1401 &
2004 1365 2256 1415 declaret,quod
2266 1378 2320 1401 eas

1354 1425 1476 1459 accipit
1488 1428 1528 1450 eo
1541 1442 1549 1455 ,

1355 1463 1406 1497 nis
1428 1478 1503 1499 curn
1518 1430 1614 1504 simiili
1633 1468 1718 1502 inter
1732 1466 1797 1502 esse
1809 1491 1820 1506 ,
1833 1465 1965 1502 debitor
1978 1492 1989 1507 ‚
2001 1471 2063 1514 p'ro
2076 1475 2148 1514 quo
2163 1464 2323 1504 solvit‚te-

1357 1517 1472 1549 neatdr
1485 1515 1526 1550 ad
1540 1517 1624 1554 illud
1639 1517 1790 1553 debitum
1805 1541 1816 1556 ‚
1831 1520 1866 1551 δε
1883 1516 2036 1552 interesse
2049 1541 2060 1557 ,
2086 1517 2164 1552 ‘licet
2191 1513 2322 1560 fideius-

1357 1561 1407 1597 sor
1433 1564 1579 1604 debitori
1604 1581 1674 1604 non
1697 1568 1904 1608 intimaverit
1933 1565 2101 1615 praefatam
2125 1565 2322 1601 declaratio-

1356 1626 1434 1648 nem
1448 1644 1458 1656 ,
1477 1629 1553 1652 cum
1569 1618 1699 1654 nullum
1721 1630 1846 1652 novum
1860 1616 1981 1653 inferat
1997 1629 2176 1665 gravamen
2189 1615 2322 1651 debito-

1355 1664 1384 1698 ri
1405 1691 1412 1703 ‚
1426 1666 1485 1711 qui
1499 1670 1566 1714 jam
1581 1681 1647 1704 erat
1660 1668 1829 1716 obligatus
1853 1667 1895 1702 ad
1917 1667 2115 1701 tantundem
2142 1663 2290 1701 interesse
2302 1692 2316 1707 ,

1355 1713 1377 1748 fi
1393 1713 1475 1749 illud
1491 1717 1638 1754 debitum
1653 1731 1722 1754 non
1736 1715 2000 1752 fuisset-solutum
2016 1742 2024 1757 ‚
2039 1716 2122 1751 dixit
2136 1719 2242 1751 Rot.in
2253 1720 2318 1751 Ro-

1353 1768 1599 1812 mansocistasfs
1609 1769 1711 1816 officii,
1724 1768 1776 1804 die
1794 1780 1841 1802 ιι.
1857 1767 2000 1802 Ombris
2015 1780 2024 1800 t
2031 1769 2112 1811 580.
2128 1779 2231 1800 coram
2245 1766 2316 1804 bon.

1353 1827 1440 1848 mem.
1455 1819 1549 1853 Card.
1563 1819 1746 1854 Blanchetto
1761 1843 1769 1855 ‚
1782 1816 1923 1851 admitto
1935 1817 2024 1851 enirn
2042 1843 2052 1857 ,
2063 1815 2157 1863 quod
2182 1817 2246 1851 istae
2259 1816 2318 1851 de·
2357 1826 2361 1834 ’

1352 1867 1589 1903 nunciationes
1602 1895 1610 1906 ,
1623 1872 1656 1904 ὃ(
1671 1867 1919 1916 protestationes
1949 1865 2158 1901 laudabiliter
2177 1865 2290 1901 fierent
2303 1886 2316 1906 5

1352 1919 1386 1950 &
1401 1915 1586 1954 dibitorttn
1600 1919 1634 1953 in
1649 1918 1768 1966 majori
1794 1917 2028 1952 constituerent
2053 1929 2148 1950 mora
2160 1941 2172 1955 ,
2184 1919 2218 1950 δι
2233 1929 2315 1951 con·

1348 1961 1513 2002 tu'tnacem
1526 1969 1701 2004 redderent
1718 1968 1829 2002 minus
1842 1965 2057 2002 excusabilem
2085 1990 2096 2007 ,
2125 1964 2181 2002 sed
2202 1977 2314 2001 tamen

1346 2028 1416 2051 non
1433 2015 1508 2053 sunt
1521 2019 1697 2055 neces‘lariae
1715 2045 1726 2060 ‚
1741 2018 1821 2066 quia
1833 2030 1927 2052 mora
1943 2019 2010 2066 jam
2023 2013 2167 2052 causavit
2179 2015 2312 2065 obligar-
2340 2055 2345 2059 ,

1345 2076 1482 2103 nonem·

1395 2116 1448 2152 Ad
1463 2117 1605 2153 rationes
1621 2143 1631 2158 ‚
1646 2117 1769 2166 quibus
1795 2114 1949 2165 requisita
1962 2115 2118 2152 videntur
2144 2115 2281 2152 defendi
2295 2140 2307 2157 ,

1341 2165 1526 2214 respondeo
1541 2195 1549 2207 ‚
1565 2168 1775 2204 admittendo
1789 2194 1800 2208 ,
1815 2167 1910 2215 quod
1928 2166 2028 2216 judex
2041 2192 2051 2206 ,
2075 2178 2189 2202 motus
2214 2165 2306 2202 bono
2325 2164 2370 2202 25?
2398 2193 2400 2198 .

1340 2216 1466 2256 zelo‚ne
1479 2231 1516 2252 ex
1530 2218 1586 2254 lite
1602 2218 1674 2254 lites
1695 2220 1859 2260 oriantur,
1869 2220 1903 2252 &
1919 2230 1960 2252 ne
1971 2217 2136 2264 aperiatur
2151 2217 2206 2252 via
2219 2216 2307 2252 frau-

1339 2265 1437 2302 dibus
1456 2267 1626 2303 usurarum
1643 2295 1650 2307 ,
1662 2272 1752 2317 juxta
1766 2282 1802 2304 ea
1815 2281 1909 2316 ‚quae
1920 2265 2139 2324 scripsisuprae
2163 2267 2222 2301 haec
2246 2267 2307 2303 ead
2344 2280 2348 2289 ¹

1338 2319 1482 2368 ampliat.
1499 2332 1551 2354 nu.
1568 2334 1600 2363 9.
1615 2320 1652 2355 67·
1680 2331 1728 2354 10.
1757 2317 1854 2353 debet
1879 2330 1973 2352 omnl
2003 2329 2124 2352 conatu
2149 2318 2310 2365 principii>

1343 2367 1513 2407 obstare,&
1530 2369 1635 2403 multa
1650 2369 1806 2418 indagare
1820 2395 1829 2407 ‚
1855 2371 1888 2402 &
1903 2366 2095 2416 indagando
2107 2367 2275 2415 requirere
2294 2382 2308 2410 3

1344 2429 1453 2452 tamen
1471 2420 1505 2453 in
1519 2420 1634 2466 primis
1653 2428 1765 2453 cavere
1781 2418 1877 2453 debet
1891 2444 1899 2456 ,
1925 2417 2006 2451 dum
2032 2417 2088 2452 ista
2102 2429 2242 2452 conatur
2258 2416 2308 2452 fa-

1342 2480 1414 2502 cere
1427 2493 1436 2507 ‚
1452 2482 1494 2504 ne
1509 2469 1600 2504 alteri
1614 2469 1806 2516 injustitiam
1823 2467 1935 2502 faeiat:
1948 2467 2070 2502 deinde
2081 2465 2178 2502 debet
2191 2466 2309 2502 adver-

1343 2528 1411 2552 tere
1423 2543 1432 2558 ,
1451 2532 1495 2567 qu
1503 2519 1545 2553 od
1559 2518 1614 2554 etsi
1627 2519 1729 2554 multa
1741 2522 1775 2552 &
1791 2517 1884 2565 plura
1914 2518 2061 2565 requirat
2074 2544 2083 2556 ,
2099 2526 2210 2552 tamen
2225 2516 2308 2552 sernss

1342 2579 1400 2614 per
1414 2569 1595 2604 remanebit
1610 2569 1674 2617 aliq
1682 2582 1724 2603 ua.
1736 2566 1876 2614 suspicio
1902 2567 2027 2602 fraudis
2042 2583 2051 2609 ;
2064 2580 2139 2616 quae
2165 2568 2201 2601 in
2229 2566 2308 2603 foro

1340 2618 1494 2654 exteriori
1506 2619 1616 2668 detegi
1631 2632 1700 2653 non
1717 2619 1820 2665 potest
1837 2633 1846 2660 3
1861 2618 1946 2666 quid
1962 2619 2050 2652 enim
2065 2644 2073 2656 ,
2087 2616 2109 2652 si
2134 2617 2278 2653 creditor
2291 2643 2304 2659 ‚
2330 2635 2337 2657 :-

1338 2680 1438 2716 agens
1454 2668 1496 2703 ad
1511 2669 1638 2704 lucrum
1655 2668 1772 2703 cessans
1786 2694 1796 2708 ,
1814 2681 1883 2702 non
1895 2666 2034 2716 probet,
2050 2667 2145 2715 quod
2163 2679 2232 2702 non
2242 2681 2306 2716 po-

1340 2717 1446 2752 tuisset
1460 2721 1590 2754 evenire
1604 2717 1693 2754 casus
1709 2743 1720 2759 ,
1731 2718 1826 2766 quod
1840 2731 1909 2752 non
1922 2715 2029 2752 fuisset
2042 2717 2186 2753 lucratus
2199 2742 2210 2757 ‚
2227 2731 2305 2753 cum

1339 2766 1494 2814 potuisset
1508 2769 1701 2817 contingere
1721 2794 1732 2809 ,
1748 2768 1841 2815 quod
1856 2775 1926 2802 non
1942 2766 2048 2802 solum
2077 2781 2146 2802 non
2169 2766 2306 2803 effetlu-

1338 2829 1445 2853 cratus
1458 2844 1469 2859 ‚
1494 2816 1547 2854 scd
1562 2819 1656 2867 quod
1671 2817 1857 2865 perdidisset
1877 2817 2036 2864 capitale,
2061 2817 2131 2852 imo
2151 2817 2323 2864 potuisset

1337 2869 1469 2903 evenire
1481 2867 1572 2904 casus
1586 2895 1595 2908 ,
1616 2881 1652 2903 ut
1664 2868 1786 2916 aliquis
1802 2868 1958 2915 pecunias
1975 2894 1984 2908 ‚
2010 2866 2068 2902 fibi
2082 2867 2203 2902 solutas
2217 2893 2227 2908 ,
2242 2868 2304 2903 sta-

1335 2918 1397 2952 tim
1415 2919 1542 2954 suratus
1556 2918 1629 2954 esset
1648 2945 1658 2960 ‚
1673 2921 1706 2954 &
1732 2924 1748 2957 (
1761 2918 1855 2965 quod
1881 2918 1975 2965 peius
1988 2918 2055 2964 est)
2069 2928 2205 2965 propter
2230 2917 2303 2954 illas

1335 2969 1490 3013 pecunias
1506 2967 1676 3003 insidiatus
1699 2967 1781 3002 esset
1806 2966 1905 3015 ipsius
1935 2968 2009 3002 vita:
2033 2993 2042 3005 ‚
2067 2970 2170 3015 prout
2191 2966 2300 3003 casum

1334 3016 1424 3052 hunc
1439 3017 1532 3065 posse
1549 3018 1898 3065 evenire‚experientia
1913 3017 2119 3066 quandoque
2132 3016 2300 3058 domin&

1332 3068 1416 3114 quid
1432 3067 1451 3101 si
1469 3068 1612 3103 creditor
1626 3067 1790 3103 habuisset
1815 3066 1892 3102 alias
1919 3068 2074 3114 pecunias
2089 3065 2210 3103 otiosas
2225 3092 2235 3107 ,
2262 3070 2298 3102 δε

1331 3119 1474 3152 omnino
1490 3117 1695 3154 absconditas
1708 3145 1716 3155 ,
1732 3121 1765 3152 &
1781 3118 1968 3166 incognitas
1985 3143 1994 3156 ,
2020 3115 2142 3165 quibus
2169 3114 2298 3164 potuis:-

1331 3165 1377 3201 set
1393 3171 1550 3208 emcre,&
1568 3167 1696 3202 lucrari.
1710 3167 1806 3212 Quid
1821 3167 1842 3202 si
1860 3167 2116 3216 creditor,agens
2129 3166 2169 3201 nd
2182 3179 2298 3202 emen-

1330 3216 1501 3252 dationem
1512 3219 1623 3252 dcrrni
1636 3216 1988 3266 emergergentis‚iisde
1997 3217 2147 3265 pecuniis
2157 3215 2297 3256 secretis,

1329 3269 1364 3301 ὅτ
1380 3268 1414 3301 in
1428 3280 1500 3302 arca
1516 3267 1730 3307 absconditis,
1750 3281 1787 3302 ac
1800 3266 1912 3302 otiosis
1928 3301 1935 3312 ,
1949 3265 2107 3314 potuisset
2121 3265 2243 3302 solvere
2254 3279 2296 3302 τε
2321 3298 2325 3305 ,

1328 3315 1472 3351 alienum
1490 3343 1498 3356 ,
1516 3322 1545 3351 δε
1566 3329 1675 3352 tamen
1701 3318 1736 3351 in
1761 3316 1951 3364 despestum
1964 3315 2012 3351 sui
2034 3315 2194 3352 debitoris
2207 3317 2295 3351 acci-

1328 3377 1418 3412 peret
1434 3365 1490 3401 sub
1503 3366 1664 3406 interesse,
1679 3369 1716 3402 Et
1735 3367 1820 3414 quid
1835 3366 1857 3401 fi
1878 3367 2038 3415 peeuniae,
2053 3379 2135 3413 quas
2157 3366 2292 3414 accipit,

1327 3415 1431 3452 essent
1447 3417 1504 3451 suae
1518 3416 1659 3465 propriae
1670 3443 1679 3456 ‚
1692 3422 1780 3463 juxta
1797 3431 1833 3452 ea
1847 3444 1856 3457 ,
1867 3429 1941 3464 quae
1954 3415 2220 3464 scripsisttprasub
2233 3429 2290 3452 mc.

1330 3468 1449 3508 248.in
1461 3470 1553 3501 tertio
1565 3468 1715 3515 requifito:
1731 3467 1815 3514 quid
1835 3466 1857 3501 fi
1872 3466 1913 3501 ad
1926 3465 2198 3513 consequendum
2211 3464 2290 3500 usu-

1325 3529 1374 3552 ras
1393 3517 1411 3552 i
1439 3516 1502 3552 suis
1515 3515 1722 3551 debitoribus
1738 3543 1745 3554 ‚
1760 3515 1832 3553 fiebe
1852 3515 2060 3551 contraheret
2086 3514 2181 3562 plura
2195 3514 2289 3550 debi-

1325 3576 1357 3601 ta
1371 3565 1429 3602 sub
1442 3565 1614 3602 interesse:
1631 3570 1663 3601 &
1678 3566 1762 3614 quid
1787 3565 1810 3600 si
1833 3564 1946 3601 fuisset
1962 3566 1998 3601 in
2022 3565 2135 3614 aliqua
2169 3565 2287 3649 culpa,

2247 3626 2289 3650 eu.

1589 1420 1645 1453 uia
1669 1418 1800 1466 &gitur
1828 1415 1952 1452 solvere
1973 1415 2126 1452 debitum
2142 1414 2321 1463 fidejussio-
2354 1423 2356 1426 '

2348 1531 2375 1595 .2‘<.

2360 2918 2400 2959 ῆι·

2348 3498 2353 3542 Ὕν
2349 3371 2358 3451 Ὺ-ν-
2352 3172 2359 3357 ᾼω-νψ-κῃ..
2356 3146 2358 3151 .

2374 3619 2390 3647 ἰ-
2371 3458 2391 3601 &nn-⁴-
2368 3390 2397 3448 ‘5²'-
2383 3375 2390 3381 .
