2400 3939
228 123 339 175 442

279 200 397 225 fleatur
421 189 469 224 ad
488 191 631 238 intereffe
648 217 656 229 ,
683 190 768 238 quod
792 190 940 237 ascendit
959 188 1008 221 ad
1029 188 1174 234 capitale
1197 212 1207 227 ,

279 242 372 284 n.83.
395 238 531 284 &st-qq.
553 240 598 272 Et
613 240 741 284 qnando
757 250 905 272 teneatur
919 240 1020 270 eiiam
1037 237 1129 269 ultra
1144 235 1208 270 du-

281 288 403 334 plicem
424 298 520 330 ²¹94-
549 287 583 322 (ς’
605 289 694 335 seqq.

237 335 346 371 Verba
365 335 546 382 perfusorie
562 362 572 377 ‚
599 335 634 372 ὠ
649 347 772 372 temere
796 336 930 383 prolata
957 345 1017 367 non
1036 331 1182 381 obligant
1197 357 1208 372 ,

284 396 370 416 num.
391 384 448 417 81'.

238 431 384 479 Intereffe
400 459 410 474 ‚
429 430 514 479 quod
530 432 674 478 proceffit
690 433 708 468 ὰ
729 434 802 467 dolo
821 458 831 473 ,
847 431 945 478 culpa
960 429 1017 463 vel
1031 441 1124 464 mora
1139 440 1209 462 con-

288 480 448 514 trahentis
475 506 484 519 ‚
517 481 551 516 &
577 481 672 514 habet
701 493 825 516 certum
843 478 1030 525 specificam
1053 477 1207 519 objessum

238 561 243 566 ,
289 529 337 563 ad
361 540 428 562 rem
458 528 634 561 deductam
664 531 696 561 in
718 528 881 564 contraHu
909 527 1009 574 potest
1040 526 1211 572 adaequari

282 579 370 625 Jorti
392 602 402 616 ,
425 576 460 612 (θ’
478 587 538 609 non
559 577 652 609 ultra
666 578 781 622 ‚n.83.
800 578 937 622 &seqq-

245 627 305 661 Fur
329 624 377 657 ad
402 623 485 671 quod
511 625 651 672 intereffe
673 635 820 660 teneatur
836 651 845 666 ‚
854 624 920 670 suh
943 634 1090 666 num.94.
1119 623 1210 657 ver‘s.

293 675 409 720 infero.

248 720 393 768 Intereffe
415 724 539 768 semper
561 720 605 763 est
632 723 838 769 intrinsecum
859 748 868 763 ,
903 723 979 768 quia
1003 719 1212 766 intrinsecum

296 782 354 803 non
374 769 498 804 dicitur
519 769 660 816 intereffe
674 796 682 808 ,
702 782 794 814 n.9i.

249 820 386 856 Iudices
409 820 443 853 &³
508 819 651 862 imperiti
680 828 827 851 tenemur
859 817 906 851 ad
932 817 1057 850 damna
1083 824 1214 862 propter

250 864 409 906 Causidici
510 877 665 913 magnam
681 868 880 913 imperitiam
897 891 906 906 ‚
917 865 982 912 sub
995 876 1108 909 nu.97.
1123 873 1212 896 vers.

510 925 541 947 ιη
559 925 625 947 ero.

358 1012 469 1048 Uaero
492 1010 522 1045 Ι,
550 1009 641 1044 unde
659 1009 814 1045 dicantur
831 1036 841 1050 ‚
862 1009 985 1044 litterae
1005 1007 1124 1044 cambii
1143 1034 1154 1048 ‚
1182 1006 1216 1040 δε

362 1073 443 1107 quae
465 1061 502 1094 slt
523 1069 635 1092 earum
656 1069 771 1093 natura
788 1084 797 1099 ,
822 1057 958 1094 format

303 1108 511 1156 Reipondeo
538 1118 545 1140 :
567 1106 687 1141 Primae
704 1107 787 1152 parti
803 1106 907 1152 huJ'us
926 1103 1059 1152 quaesni
1076 1101 1218 1140 satisfeci

251 1160 562 1207 sup.§.1.q.3.n.13.
577 1167 667 1191 vers.
684 1156 799 1189 litterae
815 1181 825 1195 ‚
844 1156 877 1189 ὅ(
895 1154 1054 1188 secundae
1068 1154 1152 1199 parti
1174 1152 1219 1186 sa-

256 1205 366 1241 tisfeci
391 1216 458 1253 q.5.
480 1215 572 1245 n.4o.
594 1203 728 1251 &seqq.

305 1257 443 1298 Quaero
463 1251 613 1286 secundo
631 1277 640 1292 ‚
660 1262 765 1298 quare
780 1250 940 1286 statutum
961 1251 1151 1298 aequiparet
1169 1249 1221 1285 lit-

259 1314 345 1339 teras
370 1302 505 1347 scriptas
521 1301 586 1340 ‚-&
609 1297 737 1334 litteras
760 1297 986 1345 subscriptas?

307 1349 514 1396 Respondeo
536 1348 612 1396 quia
632 1348 719 1393 paria
737 1348 811 1381 sunt
830 1347 970 1380 scribere
983 1374 993 1388 ‚
1013 1347 1065 1381 vel
1082 1346 1220 1381 subscri-

257 1401 336 1434 bere
349 1398 465 1438 solum‚
487 1406 524 1431 ut
539 1395 645 1441 icripii
660 1397 760 1442 supra
776 1397 1017 1444 §.2.gl.10.n.1.
1031 1395 1220 1429 dummodo

257 1447 456 1493 subscriptio
479 1443 781 1489 correspeffivetur
797 1445 971 1490 lcripturae
985 1443 1195 1478 antecedenti
1211 1469 1220 1482 ,

258 1495 340 1543 quia
358 1507 399 1529 eo
415 1493 520 1527 modo
532 1519 541 1533 ‚
558 1503 632 1539 quo
645 1493 945 1538 correspefflvatur
957 1519 967 1534 ,
984 1504 1027 1527 eo
1047 1493 1152 1526 modo
1166 1493 1222 1525 lla-

260 1546 317 1580 bet
342 1543 407 1576 vim
433 1542 540 1576 totius
561 1539 748 1586 scripmrae.

313 1594 450 1635 Quaero
484 1589 586 1624 tertio
613 1614 622 1629 ,
659 1600 765 1636 quare
792 1588 953 1624 statutum
979 1599 1048 1622 non
1070 1588 1225 1634 laquatur

262 1642 452 1687 simpliciter
476 1638 519 1672 de
544 1636 660 1671 litteris
686 1636 828 1677 cambii,
848 1636 976 1683 scriptis
994 1637 1045 1669 vel
1066 1636 1225 1683 subscrip-

263 1690 325 1731 tis,
355 1687 410 1722 sed
435 1687 593 1733 loquatur
617 1687 660 1720 de
684 1685 802 1720 litteris
824 1684 975 1731 scriptis,
995 1685 1048 1718 vel
1066 1683 1226 1731 subscrip-

262 1739 303 1774 tis
327 1765 335 1779 ‚
366 1737 399 1770 ὃ(
426 1732 609 1781 acceptatis
640 1761 649 1775 ,
677 1733 730 1769 vel
758 1745 840 1781 quae
862 1733 1019 1768 redierint
1041 1744 1118 1766 curn
1146 1743 1225 1779 pro-

261 1785 440 1822 testatione
461 1781 474 1818 ἓ

310 1830 516 1879 Respondeo
530 1858 540 1873 ‚
561 1830 636 1878 quia
652 1830 812 1866 statutum
829 1831 897 1866 hoe
912 1829 1067 1877 loquitur
1084 1830 1127 1865 de
1143 1841 1224 1864 con-

261 1882 413 1918 cedenda
434 1880 637 1914 executione
658 1891 718 1925 pro
738 1879 857 1914 litteris
875 1879 993 1914 cambii
1010 1904 1019 1918 ‚
1041 1879 1073 1912 ἀ
1100 1879 1224 1912 litterae

262 1930 380 1967 cambii
397 1941 467 1963 eam
482 1940 550 1962 non
570 1927 705 1974 potsunt
727 1928 847 1962 habere
861 1955 870 1968 ‚
887 1927 943 1962 nili
964 1926 1086 1962 fuerint
1105 1938 1227 1972 accep-

263 1991 343 2015 tatae
359 2006 366 2020 ,
381 1986 439 2011 aut
461 1976 618 2010 redierint
633 1987 710 2009 cum
728 1975 987 2022 protestatione,
1013 1986 1051 2009 ut
1071 1976 1103 2008 in
1118 1975 1228 2010 diver-

264 2029 302 2062 fis
319 2027 403 2062 locis
422 2023 600 2072 hucusque
614 2023 757 2058 diximus
769 2050 778 2065 ,
800 2024 920 2058 merito
940 2025 1103 2059 statutum
1116 2022 1229 2070 loqui-

264 2087 318 2112 tur
330 2075 373 2110 de
384 2073 501 2110 litteris
513 2072 709 2120 acceptatis,
724 2073 777 2106 vel
792 2084 874 2118 quae
884 2072 1042 2107 redierint
1060 2083 1138 2106 cum
1151 2083 1228 2117 pro-

263 2124 441 2160 testatione
461 2147 472 2162 ,
497 2131 603 2169 quare
623 2131 685 2166 pro
708 2120 860 2155 absoluta
885 2121 988 2166 hujus
1009 2119 1229 2165 responfionis

265 2169 494 2217 intelligentia
510 2169 687 2203 confidero
712 2169 837 2204 litteras
855 2168 972 2204 cambii
992 2168 1025 2202 in
1046 2167 1175 2214 duplici
1189 2168 1229 2201 fi-

262 2232 315 2255 ne.
344 2219 472 2254 Primus
489 2215 564 2251 finis
587 2217 774 2252 litterarum
797 2217 916 2251 cambii
937 2217 982 2251 est
1002 2243 1011 2255 ,
1029 2225 1068 2251 ut
1083 2217 1229 2262 probent

264 2268 432 2303 creditum
447 2292 457 2307 ‚
477 2267 510 2300 &
533 2265 684 2300 debitum
707 2264 850 2300 cambii:
873 2268 906 2301 δε
928 2265 960 2299 in
981 2264 1044 2300 isto
1061 2263 1129 2298 fine
1147 2275 1228 2299 con-

265 2317 372 2352 cludo
383 2342 393 2357 ,
408 2314 507 2362 quod
521 2314 643 2349 litterae
659 2313 793 2360 scriptae
808 2340 817 2353 ‚
834 2314 886 2348 vel
901 2312 1096 2359 subscriptae
1112 2313 1156 2347 de
1170 2324 1228 2359 per

266 2365 298 2399 se
322 2364 422 2404 solae,
449 2363 482 2397 δι
507 2363 572 2396 fine
591 2361 651 2396 alia
672 2362 927 2407 acceptatione,
945 2362 998 2396 vel
1019 2361 1129 2396 reditu
1152 2373 1231 2395 curn

266 2411 511 2460 protestatione
529 2411 627 2456 plene
642 2410 785 2456 probant
802 2436 811 2450 ,
832 2410 1021 2445 dnmmodo
1037 2421 1147 2445 tamen
1168 2409 1230 2443 fint

265 2460 454 2507 recognita?
469 2485 478 2500 ‚
500 2459 534 2493 &
553 2458 621 2493 hoc
639 2470 707 2492 non
727 2459 826 2493 habet
849 2458 1082 2492 difficultatem
1098 2484 1107 2499 ,
1125 2459 1157 2491 dc
1172 2458 1233 2492 ssa-

269 2520 385 2545 tutum
403 2520 470 2541 nou
490 2507 644 2554 loquitur
668 2505 712 2540 de
734 2507 855 2541 litteris
873 2506 914 2540 ad
935 2508 1026 2540 hunc
1044 2505 1154 2540 finem.
1175 2506 1235 2540 Se-

271 2557 403 2593 cundus
417 2553 490 2589 finis
506 2556 689 2590 litterarum
712 2554 831 2589 cambii
855 2555 899 2588 est
913 2581 922 2596 ‚
939 2566 976 2589 ut
996 2554 1139 2588 habeant
1157 2566 1234 2588 exe-

269 2605 442 2641 cutionem
458 2613 601 2648 paratam
615 2630 624 2642 ,
644 2603 676 2637 &
694 2603 725 2635 in
749 2603 811 2637 isso
830 2602 897 2636 fine
909 2629 918 2643 ‚
939 2603 971 2636 in
989 2614 1061 2650 quo
1077 2602 1233 2638 statutum

273 2666 328 2688 eas
347 2651 591 2691 consideravit,
615 2650 788 2687 concludo
807 2651 904 2698 quod
928 2650 1051 2686 litterae
1073 2662 1142 2686 non
1159 2650 1233 2697 pos-

246 2698 247 2701 '
272 2700 346 2736 sun‘t
364 2701 487 2734 habere
511 2700 744 2734 executionem
760 2726 771 2741 ,
792 2700 848 2733 nili
866 2697 993 2734 fuerint
1011 2701 1199 2744 acceptatae
1221 2725 1232 2741 ‚

273 2751 327 2784 vel
348 2747 508 2782 redierint
528 2758 605 2781 cum
632 2746 875 2793 protestatione
890 2774 899 2789 ,
923 2747 1002 2796 quia
1025 2746 1160 2781 debitor
1177 2758 1232 2783 ac·

273 2797 434 2844 cipiendo
452 2796 492 2829 ad
511 2794 697 2835 cambium,
719 2794 800 2831 facit
819 2796 945 2830 litteras
960 2822 969 2835 ,
991 2797 1024 2829 ὅ(
1047 2795 1234 2830 virtualiter

272 2844 442 2893 promittit
460 2843 643 2883 creditori,
667 2843 764 2890 quod
788 2841 1091 2884 mandatarius‚seu
1106 2843 1235 2878 corres-

273 2893 428 2940 pondens
451 2892 550 2938 ipsius
573 2891 736 2926 debitoris
754 2890 857 2927 solvet
878 2903 933 2926 eas
953 2893 983 2926 in
1001 2892 1056 2926 tali
1072 2892 1154 2927 loco
1169 2918 1178 2932 ,
1198 2892 1232 2926 ὅ(

272 2942 329 2976 tali
345 2951 498 2986 tempore
513 2967 522 2980 ,
539 2950 577 2974 ut
595 2939 668 2974 satis
683 2940 859 2984 colligitur
870 2952 909 2973 ex
923 2941 996 2986 ipsis
1015 2939 1134 2975 litteris
1146 2951 1232 2974 cam-

273 2991 320 3025 bri
333 3017 342 3030 ‚
361 2990 446 3024 dans
466 2988 524 3035 ipsi
547 2988 706 3023 creditori
722 3014 731 3028 ,
749 2989 781 3022 δε
808 2989 862 3021 ille
875 2989 920 3022 est
939 2987 1130 3024 contrastus
1145 2999 1232 3022 carn-

274 3039 319 3074 bii
336 3065 344 3076 ,
364 3038 394 3071 in
417 3049 490 3085 quo
507 3049 572 3070 non
591 3037 636 3070 est
652 3037 750 3070 locus
765 3037 977 3082 poenitentiae
995 3062 1005 3076 ,
1026 3047 1085 3082 per
1098 3047 1135 3070 ea
1151 3048 1232 3083 quae

272 3086 382 3131 scripli
399 3085 636 3133 sup.§.2.gl.5.
649 3097 764 3130 ⁷¹·447·
780 3085 915 3132 &si-qq.
934 3084 1024 3118 unde
1042 3083 1232 3131 priusquam

274 3147 370 3180 carnp
386 3146 426 3167 or
444 3131 543 3179 poffit
559 3144 659 3178 agere
672 3143 790 3167 contra
806 3132 1026 3179 campsorium
1047 3131 1089 3166 ad
1111 3132 1234 3168 littera-

274 3195 346 3216 rum
371 3181 571 3216 solutionem
596 3207 603 3218 ,
631 3181 732 3215 debet
754 3193 912 3226 apparere
931 3207 939 3221 ‚
961 3192 1001 3214 an
1020 3180 1085 3214 illae
1109 3179 1233 3216 litterae

272 3230 396 3265 suerint
423 3239 612 3274 acceptatae
630 3230 663 3263 ὅ(
692 3227 811 3263 solutae
832 3255 840 3267 .
862 3239 965 3274 prout
983 3229 1070 3263 inter
1088 3238 1148 3262 eos
1168 3228 1234 3262 fuit

273 3275 381 3312 aetam
398 3305 406 3318 ‚
431 3278 464 3311 &
491 3277 630 3323 quando
650 3289 717 3310 non
740 3275 862 3312 fuerint
885 3277 1006 3312 solutae
1023 3304 1034 3318 ,
1057 3275 1160 3311 debet
1178 3288 1235 3321 ap-

272 3338 388 3372 parere
406 3353 414 3364 ,
443 3325 540 3372 quod
564 3324 714 3370 campsor
734 3350 742 3363 ,
771 3324 825 3360 seu
856 3325 939 3358 alius
970 3324 1105 3359 nomine
1135 3323 1235 3370 ipsius

273 3373 478 3419 protestatus
503 3372 627 3412 fuerit,
655 3384 713 3418 per
735 3384 771 3406 ea
789 3384 869 3419 quae
892 3373 960 3407 dixi
977 3373 1011 3407 d.
1026 3371 1188 3422 gl.{.sub
1202 3385 1233 3405 n.

279 3423 441 3467 3¹6=3¹8·
469 3421 501 3456 (9³
529 3433 606 3465 32¹·

325 3468 526 3512 Acceptatis
550 3467 666 3502 litteris
686 3494 696 3507 ‚
715 3469 749 3502 &
773 3480 840 3502 non
863 3468 976 3504 solutis
993 3494 1002 3508 ‚
1028 3468 1079 3502 vel
1099 3480 1166 3504 non
1182 3480 1237 3502 ac-

277 3518 421 3561 ceptatis
440 3542 449 3555 ,
475 3517 507 3549 ὅ(
528 3516 606 3550 ideo
630 3516 848 3551 redeuntibus
867 3528 942 3550 cum
963 3516 1205 3562 protestatione
1224 3543 1234 3557 ‚

277 3566 365 3599 ordo
389 3563 597 3610 procedendi
620 3564 662 3598 ad
690 3565 923 3598 executionem
948 3566 1130 3600 litterarum
1154 3576 1234 3599 con-

275 3624 323 3650 tra
342 3612 565 3658 campsorium
584 3637 594 3651 ,
617 3611 677 3659 qui
699 3612 780 3647 fecit
797 3613 921 3647 litteras
941 3612 1082 3655 cambii,
1099 3615 1132 3648 δι
1155 3624 1238 3647 con-

626 97 984 180 Sigismundi
1016 98 1261 155 Scacciae
1289 98 1487 159 Tradi.
1513 94 1586 159 de
1609 104 1905 164 Commer.

1260 198 1310 223 tra
1330 187 1543 235 fidejuffores
1572 191 1593 224 fi
1619 190 1689 226 dati
1718 192 1777 228 sint
1793 219 1803 234 ‚
1823 195 1875 226 >est
1902 204 1939 228 ut
1965 192 2049 228 fasta
2077 195 2234 241 recogni<

1260 237 1354 272 tione
1377 238 1562 273 litterarum
1582 267 1590 280 ‚
1619 239 1676 273 seu
1707 239 1740 274 in
1771 242 2020 275 contumaciam
2049 254 2117 277 non
2139 253 2234 278 reco-

1259 284 1452 331 gnoscentis
1487 288 1717 333 pronuntiatis
1743 301 1806 336 pro
1831 289 2018 335 recognitis
2038 317 2049 331 ,
2077 286 2233 336 expedii-

1260 345 1316 367 tur
1347 335 1509 370 executio
1536 362 1547 376 ,
1576 335 1733 382 processu
1761 337 1942 371 secunde-m
1972 338 2093 386 stylum
2126 338 2234 372 curiae

1261 381 1400 416 Genuae
1417 383 1459 417 sic
1474 385 1504 417 in
1518 383 1672 418 sustantia
1694 384 1851 420 formato.
1875 388 2065 433 Praecipnur
2085 386 2126 420 de
2142 397 2234 420 man-

1264 430 1343 463 dato
1367 433 1460 465 MM.
1489 433 1571 465 DI).
1594 432 1798 467 Auditorum
1821 435 1905 468 Rorae
1928 438 2099 469 executive
2121 434 2252 468 Germe

1263 482 1360 513 Petro
1376 505 1386 520 ,
1406 490 1440 512 ut
1461 482 1549 514 intra
1573 480 1671 514 horas
1689 493 1746 523 ²4-
1761 484 1938 530 secuturas
1959 483 1978 516 ti
1997 485 2146 530 praesenti
2156 494 2239 530 proe-

1263 537 1353 574 cepto
1376 553 1386 567 ,
1414 528 1448 563 ό]
1469 529 1613 562 limitato
1635 527 1789 574 cistarum
1815 530 1927 564 Genuae
1951 531 2052 576 caufis
2074 531 2238 565 bret-iori-

1263 574 1344 615 bus,
1368 575 1485 609 debeat
1498 576 1631 625 solviffe
1647 577 1814 626 Francisco
1825 581 1937 626 scuios
1958 591 2034 621 ¹09·
2052 591 2124 623 9.9.
2150 591 2237 613 mar-

1264 622 1400 657 charum
1420 623 1462 656 de
1483 625 1599 671 quibus
1615 627 1647 659 in
1669 626 1793 660 litteris
1812 627 1932 661 cambii
1949 654 1959 667 ,
1977 629 2086 674 faflis
2095 626 2160 675 sub
2181 628 2237 661 die

1267 683 1322 704 21.
1348 671 1498 706 OHobrir
1529 676 1627 716 16¹4.
1655 673 1791 708 direHis
1813 675 2020 709 Placentiam
2052 675 2138 710 Titio
2157 702 2166 714 ‚
2198 675 2234 712 (ΞΤ

1256 718 1453 767 subscriptis
1472 731 1534 768 per
1555 724 1655 768 ipsum
1681 727 1812 758 Petrum
1827 749 1835 763 ,
1859 736 1924 770 quae
1950 724 2067 757 litterae
2083 723 2236 758 exhihen-

1266 777 1320 801 tur
1341 793 1351 809 ‚
1376 769 1410 804 (θ’
1437 769 1496 805 hoc
1516 773 1595 816 quia
1617 771 1785 805 redierunt
1812 784 1883 806 cum
1897 773 2122 818 protestatione
2139 772 2236 818 fassa

1266 815 1322 848 die
1348 828 1380 859 9.
1409 818 1590 851 Novembr.
1615 822 1684 862 ejus
1715 822 1794 853 anni
1815 820 1999 868 subscripta
2027 833 2086 868 per
2114 821 2158 854 D.
2183 824 2231 857 Jo,

1268 865 1417 898 Mariam
1440 867 1609 900 Pincetum
1633 871 1798 901 notarium
1825 893 1835 908 ‚
1867 881 1932 915 qnae
1960 872 2058 903 etiam
2083 868 2235 903 exhiberi·
2284 889 2287 892 ,

1266 922 1319 945 tur
1337 939 1347 954 ,
1371 913 1405 949 (5
1429 917 1558 947 interim
1580 926 1766 962 compareat
1783 915 1831 950 ad
1852 913 2135 963 recognoscendum
2163 929 2236 951 cum

1264 962 1448 1002 juramento
1469 989 1478 1002 ‚
1501 975 1544 996 an
1573 963 1666 998 dictae
1694 964 1883 1007 lineraefint
1900 966 2032 1011 scrIprae
2051 991 2060 1002 ,
2083 965 2141 998 vel
2154 965 2236 1012 sub-

1258 1009 1392 1056 scriptae
1412 1014 1481 1053 ejus
1506 1023 1602 1045 manu
1620 1038 1630 1053 ‚
1654 1012 1871 1059 opponendum
1891 1039 1899 1052 ‚
1925 1012 1990 1049 (γε.
2013 1015 2105 1047 alias·
2133 1039 2143 1055 ‚
2170 1013 2236 1050 &c-

1268 1058 1350 1090 Item
1379 1059 1464 1105 qnod
1491 1058 1610 1093 debeat
1643 1060 1831 1105 constituere
1859 1072 2102 1107 procuratorem
2126 1074 2134 1095 ι
2170 1062 2252 1095 hoc*

1269 1102 1307 1138 fit
1332 1107 1471 1152 quando
1494 1107 1618 1142 citatus
1639 1108 1686 1142 est
1712 1109 1756 1142 de
1780 1107 1931 1143 dominio
1952 1122 2044 1144 extra
2065 1110 2237 1148 civitatem

1273 1152 1409 1188 Genuae
1425 1181 1434 1194 ,
1461 1154 1516 1189 sed
1538 1155 1559 1188 fi
1588 1156 1626 1191 fit
1652 1157 1696 1190 de
1721 1156 1861 1192 civitate
1882 1158 2020 1192 Genuae
2041 1184 2049 1199 ,
2079 1157 2205 1193 dicitur
2220 1180 2236 1200 3

1273 1203 1308 1238 <5
1333 1205 1462 1238 interim
1486 1215 1545 1237 non
1569 1205 1705 1239 recedat
1733 1207 1766 1239 in
1787 1207 1903 1251 forma
1930 1232 1940 1245 ‚
1975 1207 2040 1242 (irc.
2071 1206 2162 1240 alias
2193 1208 2239 1240 ci·

1272 1250 1398 1284 rabitur
1419 1253 1452 1285 in
1475 1252 1571 1295 hostio
1592 1254 1721 1287 Palatii
1743 1279 1752 1294 ‚
1774 1254 1808 1290 ἐγ
1829 1253 1886 1287 hec
1909 1255 1957 1287 ad
1985 1254 2171 1298 instantiam
2201 1254 2237 1290 d.

1273 1297 1438 1346 Francisci
1471 1313 1479 1335 z
1511 1299 1580 1334 Sed
1612 1302 1632 1335 fi
1657 1301 1728 1336 hoc
1756 1313 1965 1348 praeceptum
1995 1301 2088 1337 fieret
2119 1301 2161 1336 ad
2190 1302 2239 1335 in-

1274 1346 1422 1381 stantiam
1458 1350 1688 1395 procuratoris
1720 1349 1888 1384 Francisci
1920 1377 1929 1389 ,
1971 1350 2051 1385 loco
2088 1349 2237 1384 Francis-

1259 1395 1306 1429 'ci
1329 1395 1499 1431 diceretur
1520 1423 1529 1437 ,
1552 1401 1773 1445 procuratoris
1794 1399 1875 1432 disti
1900 1399 2062 1446 Francisci
2077 1425 2086 1438 ,
2109 1409 2143 1431 ut
2169 1409 2240 1432 con-

1267 1444 1335 1488 stat
1364 1457 1402 1478 ex
1426 1445 1583 1480 mandato
1609 1457 1750 1494 procitrae
1768 1446 1834 1493 fi‘b
1862 1449 1917 1479 die
1941 1448 2058 1480 ultima
2094 1448 2239 1480 Novem-

1274 1491 1342 1525 bris
1359 1493 1501 1540 ejusdem
1525 1494 1791 1543 annisiaebscripto
1801 1505 1863 1541 per
1886 1496 1931 1529 N.
1947 1499 2109 1529 notarium
2124 1520 2134 1535 ,
2155 1495 2240 1542 quod

1276 1540 1414 1577 exhibet.
1859 1566 1862 1567 γ

1326 1589 1522 1624 Notificato
1545 1601 1605 1638 per
1626 1590 1783 1638 nuntium
1805 1590 1875 1626 hoc
1903 1602 2080 1637 praecepto
2102 1618 2112 1632 ,
2131 1590 2169 1626 fit
2189 1588 2239 1624 di-

1277 1635 1433 1671 ssributio
1463 1649 1526 1672 cau
1591 1665 1599 1678 ‚
1633 1639 1666 1672 ὃ(
1692 1639 1819 1674 citatus
1843 1641 1953 1686 potest
1977 1666 1986 1680 ,
2020 1640 2041 1673 ii
2070 1639 2143 1674 vult
2162 1639 2241 1673 alle-

1277 1696 1357 1730 gare
1381 1687 1514 1720 notariu
1567 1685 1750 1733 suspestum
1767 1711 1777 1728 ,
1803 1688 1836 1722 &
1853 1687 1990 1722 nuntius
2005 1688 2116 1735 potest
2137 1699 2242 1735 quan-

1279 1733 1467 1780 docunque
1493 1732 1604 1771 fltcere
1631 1736 1824 1770 relationem
1855 1736 1888 1769 in
1922 1736 2016 1770 calce
2044 1736 2208 1783 praecepti
2231 1762 2242 1777 ‚

1277 1781 1435 1817 intimasse
1460 1783 1529 1817 hoc
1557 1794 1768 1830 praeceptum
1791 1809 1802 1824 ‚
1835 1795 1902 1830 qua
1929 1784 2091 1820 relatione
2119 1783 2201 1817 fabia
2231 1810 2241 1826 ,

1280 1830 1349 1864 hoc
1366 1829 1575 1878 pr'aeceptum
1594 1831 1741 1866 iufilatur
1762 1831 1793 1865 in
1813 1832 1893 1866 affis
1919 1833 2063 1874 notarii,
2088 1833 2123 1868 &
2147 1832 2244 1865 dein-

1277 1878 1320 1911 de
1343 1880 1624 1927 quandocunque
1649 1879 1692 1914 ad
1714 1879 1897 1914 instantiam
1926 1879 2073 1927 ejusdem
2097 1880 2243 1916 credito-

1278 1926 1321 1960 ris
1346 1927 1383 1961 iit
1406 1927 1499 1962 aliud
1518 1939 1732 1974 praeceptum
1763 1928 1932 1975 sequentis
1959 1928 2097 1963 tenoris.
2124 1930 2244 1963 Proeci-

1273 1977 1367 2021 pirur
1396 1976 1439 2010 de
1464 1976 1621 2013 mandato
1647 1979 1697 2011 M.
1714 1978 1759 2010 D.
1782 1977 1992 2024 Commr'ffizrii
2019 1981 2116 2012 Petro
2133 2003 2143 2017 ‚
2163 1989 2244 2024 qua-

1279 2034 1372 2056 tenus
1395 2024 1451 2057 die
1482 2037 1510 2058 t.
1531 2023 1681 2067 juridica
1705 2026 1740 2058 in
1761 2026 1905 2072 vesperis
1931 2035 2113 2072 compereat
2134 2037 2245 2059 coram

1280 2070 1315 2105 d.
1340 2073 1385 2106 D.
1420 2073 1668 2120 Commmiffario
1697 2099 1707 2114 ‚
1742 2074 1777 2110 ᾤ’
1805 2083 1873 2106 tota
1902 2075 1983 2116 Rota
2006 2099 2016 2114 ,
2047 2073 2094 2106 ad
2125 2072 2245 2107 viden-

1279 2119 1356 2154 dum
1371 2124 1578 2167 pronuntiari
1601 2121 1733 2155 litterar
1750 2131 1810 2168 pro
1834 2123 1970 2169 cognitis
1985 2147 1994 2161 ‚
2022 2121 2057 2157 ὠ
2070 2120 2246 2168 succeffive

1279 2167 1460 2203 videndum
1488 2169 1621 2204 concedi
1645 2169 1825 2206 licentiam.
1851 2167 1991 2203 Interim
2011 2180 2087 2203 reus
2117 2172 2169 2203 vel
2195 2179 2245 2202 te—

1281 2216 1462 2262 cognoscit
1490 2217 1616 2253 litteras
1633 2243 1642 2258 ,
1671 2216 1725 2251 vel
1746 2229 1814 2252 nort
1837 2217 2054 2264 recognoscit
2076 2242 2086 2257 ‚
2107 2217 2159 2251 vel
2189 2227 2246 2250 ne-

1279 2276 1338 2311 gat
1365 2264 1431 2299 esse
1454 2277 1552 2299 manu
1581 2265 1636 2299 sua
1665 2264 1806 2311 scriptas
1831 2278 1839 2300 :
1866 2264 1902 2299 Si
1932 2264 2149 2312 recognoscit
2171 2278 2182 2306 ·‚
2210 2265 2245 2300 &

1281 2324 1351 2347 non
1378 2311 1479 2348 debet
1501 2315 1544 2348 de
1573 2313 1743 2349 solutione
1764 2313 1989 2348 incontinenti
2015 2339 2025 2355 ,
2049 2313 2245 2350 Rota'con-

1282 2361 1375 2396 cedit
1407 2361 1574 2398 licentiam
1600 2390 1612 2406 ‚
1644 2361 1666 2395 fi
1697 2373 1765 2396 non
1795 2361 2012 2408 recognoscit
2037 2361 2131 2397 Rota
2166 2372 2247 2408 pro-

1283 2409 1444 2452 nuntiat,
1471 2411 1584 2445 haberi
1615 2422 1678 2457 pro
1705 2409 1890 2457 recognitis
1915 2435 1926 2450 ‚
1950 2411 1985 2444 &
2004 2408 2184 2445 succeffive
2208 2409 2246 2443 li-

1284 2457 1426 2494 centiam
1444 2459 1607 2494 concedit
1624 2473 1632 2494 :
1656 2458 1678 2492 fi
1695 2469 1795 2504 negat
1813 2456 1878 2492 effe
1897 2457 1952 2493 sua
1972 2469 2069 2494 manu
2086 2457 2221 2504 scriptas
2233 2483 2256 2504 ³,

1285 2505 1377 2540 38οτ
1404 2505 1485 2542 facit
1508 2507 1686 2542 articulum
1720 2506 1762 2540 ad
1792 2505 1996 2552 probandam
2026 2505 2248 2541 litteraturam

1284 2557 1317 2589 ἃ
1337 2553 1434 2601 super
1459 2568 1500 2590 eo
1524 2555 1685 2590 examinat
1710 2556 1810 2589 telles
1829 2554 1934 2589 citato
1953 2565 2011 2588 reo
2035 2564 2111 2589 cum
2136 2553 2248 2589 termi-

1284 2615 1328 2637 no
1353 2606 1395 2637 ad
1421 2602 1569 2638 dandum
1593 2602 1856 2648 interrogatoria
1883 2629 1894 2642 ‚
1925 2602 2098 2649 completo
2126 2601 2248 2636 exami-

1284 2662 1324 2685 ne
1340 2677 1350 2691 ‚
1380 2651 1402 2684 fi
1421 2653 1551 2686 conllat
1574 2651 1618 2686 de
1643 2652 1829 2687 litteratura
1848 2676 1860 2691 ‚
1882 2649 1921 2685 fit
1947 2662 2075 2685 novum
2095 2660 2248 2696 praecep-

1284 2710 1355 2733 tum
1371 2700 1412 2733 ad
1434 2699 1616 2735 instantiam
1642 2696 1763 2735 aeto'ris
1777 2726 1785 2739 .
1810 2699 1907 2747 quod
1931 2710 2123 2745 compareat
2141 2697 2246 2745 prima

1283 2747 1338 2781 die
1361 2747 1503 2794 juridica
1529 2748 1571 2781 ad
1596 2747 1784 2783 videndum
1806 2747 1952 2782 concedi
1980 2746 2146 2781 licentiam
2170 2772 2180 2787 ‚
2210 2747 2246 2782 ἀ

1283 2795 1316 2829 in
1341 2795 1482 2831 termino
1507 2796 1671 2843 praecepti
1694 2795 1786 2831 Rota
1809 2794 1970 2830 concedit
1989 2794 2167 2829 licentiam.

1332 2844 1377 2879 Et
1404 2845 1594 2879 breviorem
1616 2844 1767 2880 ordmem
1789 2843 1930 2878 arbitror
1955 2841 2074 2877 servari
2105 2842 2138 2876 in
2163 2841 2247 2877 civi-

1283 2902 1351 2926 tate
1368 2892 1540 2928 Bononia:
1560 2905 1600 2927 ex
1616 2892 1770 2939 capitulis
1786 2918 1796 2933 ,
1818 2903 1899 2940 quae
1923 2889 2024 2926 citavi
2047 2892 2080 2923 in
2093 2890 2143 2940 gl.
2161 2900 2245 2937 prae-

1281 2941 1352 2975 ced.
1377 2953 1445 2975 ηε.
1475 2945 1507 2974 in
1527 2940 1600 2982 fine.

1333 2989 1384 3022 At
1399 2989 1456 3023 hic
1475 2990 1505 3022 in
1523 2990 1606 3023 urbe
1625 3000 1690 3023 non
1709 2988 1777 3022 vidi
1791 2996 1804 3029 ,·
1820 2986 2063 3028 instrumentis,
2078 2988 2111 3022 &
2127 2987 2246 3023 litteris

1283 3037 1401 3070 cambii
1426 3037 1495 3071 dari
1525 3037 1759 3072 executionem
1784 3036 1879 3070 aliter
1901 3063 1910 3078 ,
1937 3047 2038 3083 quarn
2056 3035 2156 3071 detur
2173 3036 2246 3071 aliis

1284 3084 1550 3130 obligationzbus
1574 3083 1694 3120 formae
1712 3096 1864 3119 camerac.

1334 3133 1469 3175 Quaero
1487 3127 1631 3180 quarto,
1650 3143 1688 3166 an
1710 3131 1862 3178 adjeftus
1880 3130 2042 3167 solutioni
2057 3131 2243 3168 litterarum

1283 3180 1380 3226 poffit
1403 3193 1503 3226 agere
1526 3192 1645 3216 contra
1665 3180 1855 3215 debitorem
1873 3180 1886 3216 ζ

1329 3228 1538 3274 Respondeo
1551 3258 1558 3269 ,
1579 3228 1678 3276 quod
1703 3229 1783 3263 huic
1801 3228 1947 3276 quaefito
1965 3226 2244 3277 satisfecisupr.§.

1286 3278 1402 3325 2.gl.7.
1421 3290 1487 3311 na.
1508 3280 1542 3314 (9³
1557 3280 1623 3324 seq.
1644 3276 1701 3310 ubi
1724 3277 1791 3312 late
1809 3277 1976 3311 materiam
2000 3275 2196 3310 examinavi.

1332 3326 1468 3369 Quaero
1494 3326 1615 3373 quinto
1629 3352 1639 3367 ,
1663 3324 1747 3371 quid
1770 3326 1803 3359 &
1823 3324 2014 3372 quotuplex
2034 3322 2072 3358 fit
2093 3323 2169 3359 h-aec
2188 3336 2245 3359 ac-

1284 3374 1436 3418 ceptatio
1457 3373 1641 3408 litterarum
1663 3400 1670 3412 ‚
1694 3371 1751 3406 seu
1773 3384 1863 3420 quot
1882 3371 1991 3407 modis
2013 3370 2100 3407 fiat?

1334 3421 1565 3468 Respondeo‚
1588 3421 1685 3468 quod
1710 3421 1790 3455 huic
1807 3420 1952 3468 quaefito
1979 3418 2121 3455 satisfeci
2135 3421 2247 3469 fitpra

1284 3470 1557 3519 §.2.gl.5.n.332.
1575 3470 1711 3517 &se-qq.
1727 3481 1816 3503 verr.
1839 3467 1978 3504 declara
1994 3471 2120 3516 primo,
2134 3468 2170 3506 ὠ
2190 3481 2245 3504 nu.

1288 3519 1366 3563 358.
1398 3518 1433 3554 ό
1453 3521 1547 3566 seqq.
1570 3517 1649 3553 ideo
1674 3529 1742 3551 non
1764 3528 1894 3563 repeto.

1337 3567 1475 3610 Quaero
1493 3565 1586 3600 sexto
1599 3592 1608 3606 ,
1627 3578 1667 3599 an
1689 3565 1824 3600 debitor
1842 3565 1902 3612 qui
1924 3563 2006 3600 fecit
2020 3564 2145 3601 litteras
2157 3574 2245 3600 carn-
2281 3575 2304 3610 ς

1285 3614 1330 3649 bii
1348 3641 1358 3655 ,
1378 3614 1416 3650 fit
1436 3613 1595 3651 liberatus
1608 3641 1620 3658 ,
1639 3614 1751 3649 secuta
1771 3613 2007 3660 acceptatione
2028 3613 2212 3695 littegarsum
2229 3611 2243 3649 ζ

2129 3672 2146 3694 e
2162 3673 2251 3706 pon-

2352 629 2365 699 {-

2352 709 2357 794 l
