2400 3939
165 409 210 445 86

249 147 312 197 43
328 129 357 179 8

247 223 318 247 non
335 210 454 245 serviat
468 219 531 255 pro
547 208 713 243 mercibus
726 235 734 249 ‚
760 209 792 241 ὅ(
819 206 876 240 fiat
900 206 984 240 inter
1004 216 1070 238 non
1088 213 1212 237 merca-

247 269 366 295 tores:
382 260 416 294 &
436 257 534 292 etiam
554 257 653 304 quod
670 254 872 301 campsorius
893 266 960 287 non
985 252 1021 285 fit
1043 250 1214 286 soluturus

246 307 375 343 litteras
388 332 400 347 ,
417 304 512 340 aliter
525 315 624 352 quam
640 304 736 348 super
749 303 817 338 fide
828 329 836 341 ‚
853 302 886 335 δι
898 299 1032 334 credito
1060 297 1209 345 ejusdem

248 353 450 402 campsoris,
471 352 532 400 qui
554 353 586 387 ei
607 351 702 386 dedit
720 351 761 384 ad
786 349 965 384 cambium.

300 402 362 438 Ad
387 400 516 438 tertiam
538 399 733 447 opinionem
752 425 761 439 ‚
782 397 919 443 positam
931 397 1037 443 supra
1061 405 1207 440 num.57.

249 453 285 488 in
305 456 375 499 q'ua
394 448 591 485 adduximus
614 457 759 495 quatuor
782 444 1010 479 distinstiones
1028 469 1037 484 ‚
1055 442 1135 477 dum
1158 442 1209 476 di-

250 498 393 546 stinguit
426 499 514 533 inter
546 495 757 542 depravatam
786 520 795 535 ‚
831 495 863 528 ὃς
894 503 960 525 non
996 491 1210 538 depravatam

251 544 521 585 contrabentium
547 551 691 577 mentem
716 568 725 582 ‚
756 540 835 576 dico
858 538 955 588 quod
985 538 1019 572 in
1047 539 1125 574 foro
1151 549 1210 572 ex-

251 593 370 633 teriori
402 592 450 627 est
482 590 649 626 distinftio
680 588 807 624 inutilis
826 614 836 629 ‚
867 588 945 635 quia
977 587 1087 621 sorum
1115 595 1209 621 exte-

249 645 321 680 rius
342 652 409 677 non
427 638 559 685 judicat
583 638 627 672 de
648 647 759 672 mente
779 663 788 677 ‚
816 641 891 670 cum
915 635 952 670 fit
978 635 1118 669 occulta
1140 660 1150 676 ,
1177 634 1211 668 &

252 690 468 728 occultorum
497 686 654 734 cognitio
680 686 719 720 sit
747 685 909 719 reservata
938 682 997 717 soli
1025 684 1106 718 Deo
1131 707 1140 723 ‚
1170 691 1210 716 ut

251 739 322 775 dixi
337 739 432 785 supr.
457 737 498 776 5.
520 746 548 769 1.
570 740 620 782 ql).
644 747 671 768 r.
688 743 773 767 num.
793 734 872 778 526.
897 731 931 767 (θ’
956 732 1057 778 quaest.
1068 742 1101 775 7.
1119 740 1209 777 part.

254 802 286 823 ι.
311 785 512 834 ampliat-19.
535 783 741 827 num.i3.36.
769 781 803 817 ό
827 793 882 826 37.
912 779 946 813 ὃς
970 780 1002 812 in
1022 780 1099 813 toro
1126 780 1210 812 inte-

251 835 332 871 riori
367 844 438 867 non
475 830 579 877 magis
608 830 794 877 applicatur
827 827 1014 863 contraflui
1047 826 1166 861 cambii
1199 851 1210 866 ,

251 894 354 932 quarn
371 880 442 915 aliis
459 876 697 914 contraaibus.
724 877 782 911 Ad
799 887 941 911 caeteras
959 874 1186 908 distinstiones
1199 899 1209 914 ‚

251 943 291 969 ut
315 929 452 967 brevius
465 925 572 973 'agam
587 953 598 969 ,
617 926 698 961 dum
714 924 948 970 distinguunt,
975 935 1015 956 an
1034 921 1185 968 campsor
1198 947 1209 963 ‚

249 979 312 1029 qui
339 976 437 1013 dedit
466 974 598 1010 cambio
622 1001 632 1015 ‚
668 972 802 1009 mandet
829 971 1030 1007 solutionem
1063 969 1135 1004 fieri
1167 969 1212 1003 de

248 1025 394 1077 propriis
418 1022 571 1072 pecuniis
586 1049 595 1063 ‚
623 1022 676 1056 vel
695 1020 739 1054 de
763 1019 917 1066 pecuniis
935 1018 1070 1053 alterius
1082 1045 1091 1059 ‚
1109 1029 1210 1064 quem

249 1076 320 1123 ipse
347 1071 495 1119 campsor
519 1070 670 1104 securum
697 1069 816 1103 reddat
831 1094 840 1107 ,
869 1067 948 1102 dico
970 1067 1067 1114 quod
1091 1069 1137 1101 eit
1157 1064 1211 1100 di-

248 1122 380 1159 stinstio
403 1120 525 1156 inanis,
555 1119 588 1153 ὅ(
612 1118 693 1152 ideo
718 1117 858 1151 verbalis
881 1126 1033 1155 tanturn,
1053 1114 1134 1162 quia
1149 1113 1210 1162 qui

248 1184 309 1219 per
331 1170 429 1205 alium
457 1166 538 1202 facit
553 1192 562 1208 ,
586 1178 644 1213 per
664 1164 802 1210 seipsum
827 1163 938 1199 facere
964 1162 1100 1196 viderur
1121 1175 1128 1197 :
1149 1175 1209 1198 un-

248 1220 292 1257 de
315 1216 405 1265 paria
426 1217 499 1251 sunt
513 1241 523 1255 ‚
550 1213 646 1262 quod
662 1212 796 1259 ipsemet
821 1211 929 1246 tradat
946 1237 956 1252 ‚
981 1211 1034 1245 vel
1053 1210 1107 1243 sua
1129 1210 1210 1245 fide-

247 1267 392 1315 jussione
408 1263 506 1300 faciat
529 1263 612 1297 tradi
625 1289 634 1303 ,
649 1263 682 1297 &
702 1261 777 1306 plns
795 1261 826 1295 ὅ(
840 1260 949 1294 minus
963 1271 1028 1293 non
1048 1257 1210 1293 differunt

248 1315 359 1363 specie
380 1326 387 1348 :
407 1313 521 1360 sicque
544 1311 677 1346 tradere
699 1307 870 1348 absolute,
898 1308 950 1340 vel
971 1306 1101 1341 tradere
1117 1334 1125 1346 ,
1145 1318 1210 1340 me-

249 1364 362 1400 diante
385 1359 597 1408 fidejuffione
615 1385 624 1400 ‚
650 1369 719 1392 non
748 1356 955 1391 constituent
986 1355 1209 1389 diversitatem

248 1411 432 1460 specierum
446 1436 456 1449 ‚
480 1410 512 1443 &
533 1405 648 1447 frustra
669 1405 708 1440 fit
731 1416 789 1451 per
810 1404 904 1450 plura
925 1403 1022 1450 qnod
1039 1414 1141 1450 aeque
1156 1404 1210 1436 be-

249 1472 292 1496 ne
310 1458 419 1507 potest
446 1456 517 1491 fieri
540 1466 597 1502 per
616 1454 774 1500 pauciora
789 1480 798 1493 ,
825 1454 858 1487 δε
881 1456 988 1498 majus
1011 1450 1092 1486 facit
1112 1449 1211 1484 servi-

250 1509 334 1545 tium
348 1533 358 1549 ‚
374 1505 486 1541 dando
508 1515 606 1552 quam
623 1500 849 1548 fidejubendo
872 1512 883 1543 ;
911 1503 943 1535 ὅ(
959 1500 1039 1533 nihil
1059 1511 1212 1534 commu-

249 1569 292 1592 ne
320 1554 423 1590 habet
445 1565 523 1588 cum
547 1551 674 1598 justitia
692 1576 701 1590 ,
725 1548 779 1583 seu
802 1548 962 1594 injus-’titia
987 1548 1108 1582 cambii
1135 1573 1146 1588 ,
1168 1546 1212 1580 de

250 1616 322 1654 quo
344 1601 474 1648 agimus
488 1627 498 1642 ‚
523 1599 618 1647 quod
639 1597 726 1632 idem
749 1596 900 1641 campsor
918 1597 1017 1630 saciat
1032 1623 1041 1635 ‚
1061 1594 1212 1641 campso-

249 1655 302 1689 rio
323 1651 394 1688 dari
421 1650 579 1697 pecunias
603 1647 646 1681 ab
668 1645 734 1680 alio
755 1672 763 1686 ,
788 1644 841 1679 vel
865 1645 924 1679 det
948 1645 992 1678 de
1010 1644 1075 1678 suis
1105 1654 1211 1690 pecu-

248 1701 312 1736 niis
326 1713 334 1735 :
348 1700 416 1733 imo
436 1696 623 1733 laboriosus
645 1694 691 1729 est
712 1692 899 1740 campsorio
918 1692 1120 1728 recumbium
1134 1702 1212 1725 curn

248 1747 403 1797 pecuniis
437 1745 582 1781 alterius.

298 1797 377 1832 Nec
401 1793 534 1830 dicatur
555 1820 565 1835 ‚
595 1790 839 1826 distinfflonem
863 1790 929 1825 esse
953 1790 1071 1825 realem
1097 1816 1107 1831 ‚
1132 1788 1213 1836 quia

249 1856 330 1881 cum
351 1843 472 1878 eodem
494 1841 665 1888 campsore
688 1840 734 1873 est
751 1838 918 1873 manifesta
938 1838 1081 1884 suspicio
1103 1837 1213 1872 mutui

250 1892 401 1941 palliati,
422 1892 456 1927 δε
476 1889 597 1925 cambii
619 1887 695 1923 faeti
709 1914 719 1929 ‚
737 1899 818 1935 quae
843 1887 988 1933 suspicio
1008 1885 1109 1921 cessat
1133 1897 1213 1920 cum

251 1941 377 1977 tertio:
393 1939 478 1974 ficut
507 1938 540 1973 in
565 1937 679 1978 timisi,
704 1936 764 1984 qui
784 1946 915 1971 mutuat
939 1935 1115 1981 pecuniam
1130 1945 1213 1968 nau-

252 1990 353 2026 ticam
372 2015 382 2031 ,
408 1987 430 2022 si
451 1986 537 2022 illam
559 1996 698 2032 recepto
723 1983 834 2030 pretio
855 1982 1107 2018 assecurationis
1132 1980 1214 2016 affe-

251 2037 420 2075 curaverit
439 2062 449 2077 ‚
475 2036 522 2069 est
545 2033 730 2068 censendus
751 2031 916 2068 usurarius
933 2059 942 2072 ‚
965 2033 999 2067 dc
1019 2042 1129 2065 tamen
1143 2041 1212 2064 non

252 2087 299 2122 est
325 2084 511 2122 censendus
535 2081 703 2117 usurarius
727 2081 846 2116 tertius
862 2106 872 2121 ‚
897 2078 957 2128 qni
979 2079 1180 2113 assecuraret
1203 2090 1213 2114 :

252 2147 293 2170 ex
322 2146 395 2184 quo
426 2132 459 2166 in
486 2129 589 2166 tertio
613 2128 714 2164 cessat
742 2127 884 2174 suspicio
909 2139 947 2163 ut
977 2127 1112 2162 secutus
1143 2125 1213 2162 sum

241 2185 349 2232 supra
376 2183 408 2228 §.
436 2193 464 2215 r.
492 2191 521 2227 q.
545 2191 574 2213 r.
591 2188 762 2223 num.5o3.
789 2176 935 2210 similiter
962 2187 1031 2210 non
1052 2176 1155 2210 decet
1179 2175 1213 2209 in

250 2231 428 2267 contrastu
451 2226 623 2263 societatis
644 2224 883 2272 negotiatoriae
904 2224 987 2258 inire
1001 2223 1211 2259 contractum

250 2276 501 2316 assecurationis
527 2286 603 2309 cum
630 2274 724 2309 socio
740 2300 748 2314 ,
770 2272 824 2306 sed
840 2273 926 2306 bene
949 2283 1026 2307 cum
1044 2272 1111 2306 alio
1124 2297 1134 2313 ‚
1152 2282 1212 2317 per

249 2338 288 2363 ea
315 2339 389 2376 quo
409 2323 608 2360 motivando
625 2349 635 2364 ‚
658 2321 785 2358 adduxi
797 2323 893 2369 supr.
916 2321 947 2366 §.
966 2333 997 2365 3.
1011 2321 1061 2369 gl.
1077 2331 1107 2365 3.
1123 2331 1208 2354 num.

255 2389 271 2423 3
300 2386 607 2470 Quia39respondeo
630 2417 871 2465 distinguendo
903 2430 912 2454 ε
938 2418 1016 2454 Aut
1038 2415 1211 2464 loquimur

251 2475 284 2510 in
303 2472 399 2513 casu,
419 2482 491 2519 quo
507 2472 562 2517 jus
584 2481 622 2503 ex
646 2468 702 2501 isla
726 2466 911 2513 suspicione
936 2465 1105 2512 praesumit
1122 2463 1210 2498 frau—

251 2523 329 2559 dem
352 2547 362 2562 ,
388 2529 424 2555 ut
448 2518 524 2554 casu
548 2517 656 2552 mutui
681 2513 854 2549 assecurari
882 2515 900 2547 a
929 2524 1123 2549 mutuatore
1144 2524 1152 2546 ε
1177 2513 1211 2547 &

250 2580 336 2607 tunc
362 2567 506 2602 admitto
527 2593 537 2608 ,
564 2565 661 2614 quod
681 2563 823 2609 suspicio
849 2572 976 2608 urget,
995 2561 1074 2610 quia
1098 2562 1154 2607 jus
1171 2571 1211 2594 ex

252 2631 291 2655 ea
323 2614 495 2665 praesurnit
526 2613 677 2652 fraudem
709 2625 717 2647 :
745 2622 804 2645 aut
837 2609 1009 2657 loquimur
1033 2610 1066 2643 in
1096 2607 1174 2643 casu
1200 2634 1210 2649 ‚

253 2679 327 2715 quo
359 2665 414 2711 jus
442 2675 482 2699 ex
515 2663 574 2697 issa
607 2659 792 2706 suspicione
820 2659 971 2692 nondum
1004 2655 1212 2704 praesumpsit

252 2713 426 2754 fraudem,
457 2711 516 2746 sed
540 2711 643 2746 homo
667 2709 740 2744 vult
770 2717 840 2741 earn
861 2706 1058 2752 praesumere
1082 2732 1091 2746 ‚
1118 2713 1157 2739 ut
1179 2703 1212 2738 in

254 2763 330 2800 casu
357 2761 400 2795 de
425 2771 498 2808 quo
521 2758 651 2804 agimus
675 2769 688 2799 ;
717 2758 750 2791 δε
778 2755 858 2789 dico
881 2755 966 2788 lianc
996 2753 1213 2800 suspicionem

255 2823 324 2847 non
348 2809 411 2844 esse
439 2805 677 2843 attendendam
702 2831 709 2843 ‚
737 2803 816 2851 quia
835 2802 879 2835 de
901 2803 973 2845 jure
997 2813 1067 2836 non
1091 2799 1214 2848 praesu-

255 2860 360 2895 mitur
380 2856 537 2891 delictum
562 2882 573 2897 ‚
598 2854 631 2887 ὅ(
661 2852 804 2900 quilibet
830 2849 1043 2895 praesumitur
1069 2850 1182 2884 bonus
1202 2875 1212 2889 ‚

256 2918 297 2944 ut
320 2906 387 2941 dixi
410 2909 442 2938 in
466 2917 533 2939 meo
556 2901 652 2938 traH.
677 2901 719 2935 de
743 2901 815 2944 jud.
840 2911 930 2934 caus.
958 2898 1024 2935 &cu
1046 2898 1105 2932 lib.
1136 2911 1163 2931 ι.
1183 2909 1213 2931 c.

261 2969 314 2992 n,
330 2953 395 3001 sub
415 2965 537 2987 numer.
559 2953 590 2986 6.
611 2950 645 2983 ὅ(
672 2948 704 2982 in
724 2947 844 2982 nostris
870 2946 1017 2982 terminis
1035 2944 1216 2992 respondet

257 3007 391 3040 Navar.
409 3013 492 3036 cons.
511 3012 564 3046 3¹·
585 2996 757 3032 reverend.
780 3007 868 3029 vers.
887 2993 954 3042 sed
975 3004 1087 3028 contra
1107 2993 1166 3027 lib.
1186 3003 1215 3036 5.

256 3052 301 3086 de
330 3052 417 3097 ufitr.
453 3050 485 3083 ὅ(
516 3048 762 3092 consequenter
784 3054 848 3078 una
877 3041 1094 3088 praesumptio
1120 3040 1216 3075 elidi-

256 3110 315 3135 tur
335 3098 407 3132 alia.
438 3097 482 3132 Et
507 3095 549 3130 ad
569 3094 653 3128 illud
675 3093 718 3126 de
741 3089 928 3135 suspicione
948 3090 1060 3124 usurae
1076 3088 1108 3122 in
1131 3099 1216 3122 con—

258 3147 366 3182 tractu
390 3143 634 3181 assecurationis
656 3152 732 3175 cum
752 3148 928 3172 mutuante
945 3137 1118 3183 pecuniam
1138 3147 1217 3170 nau—

258 3196 361 3230 ticam
389 3208 402 3237 ·‚
426 3191 614 3238 respondeo
639 3215 649 3229 ,
677 3188 760 3220 illud
783 3186 847 3221 effe
868 3211 878 3226 ‚
908 3187 989 3233 quia
1012 3185 1058 3220 ita
1086 3184 1131 3218 est
1163 3195 1217 3218 ex-

260 3241 401 3289 pressum
431 3243 462 3275 in
487 3242 561 3286 jure
588 3238 619 3271 in
645 3237 702 3270 illo
732 3235 807 3269 casu
831 3261 840 3274 ,
868 3235 901 3268 ὃς
923 3234 1003 3268 ideo
1025 3244 1094 3268 non
1117 3232 1219 3267 debet

262 3290 349 3325 trahi
369 3290 410 3323 ad
428 3289 511 3323 alios
526 3314 535 3327 ‚
553 3286 586 3319 in
610 3285 733 3332 quibus
758 3295 824 3318 non
849 3281 893 3315 est
911 3279 1094 3327 expressum
1109 3292 1122 3323 3
1139 3278 1220 3327 quia

263 3338 344 3371 licet
368 3337 539 3370 usurarum
565 3334 654 3369 fraus
677 3359 685 3370 ,
720 3332 753 3365 8(
790 3329 932 3375 suspicio
961 3328 1094 3375 probari
1122 3324 1220 3374 poffit

266 3385 469 3429 conjeftuns
491 3410 500 3424 ‚
537 3382 571 3416 id
598 3390 704 3414 tamen
731 3388 798 3414 non
824 3377 869 3412 est
896 3387 1011 3411 verum
1042 3377 1075 3410 in
1104 3375 1220 3420 conje-

267 3432 368 3466 &uris
389 3431 531 3466 hominis
551 3457 560 3468 ,
586 3429 641 3463 sed
664 3427 768 3462 solum
787 3426 819 3460 in
843 3424 1049 3471 conjesturis
1066 3422 1151 3471 legis
1169 3422 1220 3456 id-

266 3480 314 3515 est
336 3491 345 3513 :
371 3478 563 3524 approbatis
590 3477 609 3510 a
633 3478 708 3522 jure
734 3501 743 3515 ‚
776 3484 813 3508 ut
840 3471 974 3507 secutus
997 3472 1065 3507 sum
1093 3474 1127 3506 in
1154 3481 1222 3505 meo

267 3527 365 3564 traci.
390 3526 431 3560 de
451 3525 522 3569 jud.
542 3536 630 3558 caus.
647 3524 706 3559 lib.
719 3535 750 3556 ι.
773 3532 845 3568 cap.
865 3532 897 3562 9.
914 3532 1037 3555 numer.
1061 3530 1222 3565 3¹9·3²²·

271 3587 349 3621 3²⁴·
371 3574 405 3620 (J
433 3575 512 3617 326.
533 3572 567 3605 dc
592 3571 731 3617 quando
752 3567 954 3615 procederet
977 3568 1075 3604 etiam
1091 3568 1123 3600 in
1141 3576 1225 3600 con-

270 3621 406 3671 jefturis
430 3618 574 3655 hominis
592 3644 603 3659 ,
628 3618 789 3654 deberent
807 3614 876 3652 effe
895 3615 982 3652 adeo
1005 3614 1200 3661 conspicuae
1214 3638 1224 3654 ‚

643 110 997 200 Sigismundi
1024 112 1265 173 Scacc'iae
1293 109 1493 173 Tratst.
1519 111 1595 173 de
1621 110 1913 174 Commer.

1263 203 1298 238 δι
1324 201 1564 250 aequivalentes
1586 199 1789 245 conjesturis
1805 200 1887 247 legis
1904 225 1914 239 .
1942 207 1980 234 ut
2007 198 2098 243 fraus
2118 203 2226 238 omni³

1263 262 1308 285 no
1325 250 1557 297 inpluderetur
1573 261 1582 283 ε
1599 249 1633 282 δε
1652 247 1694 282 ad
1717 247 1800 291 illud
1820 248 1864 281 de
1882 246 1975 281 socio
1996 248 2222 294 assecuranre,

1265 297 1452 345 respondeo
1478 297 1682 332 contrarium
1710 294 1776 329 effe
1796 307 1908 330 verum
1935 320 1944 335 ,
1973 305 2042 330 nern
2072 308 2092 330 e
2122 297 2224 334 licere

1268 346 1366 382 etiam
1400 357 1478 381 cum
1509 343 1603 378 socio
1630 342 1741 377 facere
1767 344 1976 379 contractum
2008 309 2230 381 anesca-ratim

1267 394 1318 428 nis
1331 421 1341 436 ,
1360 405 1396 428 ut
1415 393 1548 428 secutus
1562 391 1631 426 snm
1637 393 1743 440 supra
1757 392 1884 440 §.3.<gl.
1892 397 2069 438 3.num.36.
2085 395 2224 442 &seqq.

1268 442 1325 476 ubi
1356 441 1480 477 videaS.

1316 489 1462 524 Firmata
1484 500 1526 523 ex
1546 488 1596 522 his
1618 487 1763 523 secunda
1785 487 1967 536 opinione,
1982 486 2025 523 de
2047 493 2222 540 quasiapra

1268 550 1352 573 num.
1375 551 1430 572 ιι.

1316 585 1486 632 Tempera
1520 584 1628 631 primo
1653 593 1722 618 eam
1752 610 1762 626 ,
1797 594 1835 620 ut
1866 585 2020 632 quamvis
2045 584 2113 621 hoe
2134 595 2224 622 cam·-

1269 635 1361 670 bium
1387 632 1529 668 recursae
1551 632 1647 679 poflit
1672 642 1750 666 cum
1766 632 1886 667 eodem
1910 632 2067 668 debitore
2095 645 2151 679 per
2167 648 2225 671 no-

1271 694 1312 717 va
1340 681 1504 716 recambia
1531 680 1718 728 procedere
1745 680 1778 714 in
1807 680 1969 715 infinitum
1991 707 2001 722 ,
2027 682 2061 716 ὃς
2084 683 2225 718 excede-

1269 742 1304 764 re
1333 729 1477 775 capitale
1491 756 1501 770 ,
1519 741 1578 776 per
1599 740 1636 763 ea
1660 739 1741 776 quae
1764 728 1833 762 dixi
1860 730 1970 776 §.seq.
1989 729 2039 778 gl.
2057 742 2087 763 2.
2102 743 2225 766 numer.

1273 790 1327 823 33.
1352 779 1386 814 (θ’
1416 789 1492 812 ιοι.
1522 787 1632 812 tamen
1653 776 1734 824 quia
1758 777 1855 810 valde
1881 775 1983 821 Resp.
2004 778 2162 819 interest,
2184 790 2228 814 ne

1270 825 1483 861 subditorum
1531 824 1720 860 substantiae
1757 825 1777 859 ὲ
1815 824 2053 871 supersoetante
2090 824 2227 862 foenore

1269 873 1450 909 crudeliter
1477 872 1710 913 devorentur,
1747 873 1781 907 &
1810 874 1995 908 creditores
2016 898 2026 914 ,
2061 873 2104 908 ad
2129 874 2225 909 absu-

1268 923 1404 957 mendas
1431 921 1623 958 debitorum
1646 931 1729 967 opes
1757 921 1857 967 impie
1880 920 2071 955 anliessantes
2092 947 2103 963 ,
2131 921 2225 958 debi.

1269 981 1340 1005 tum
1363 968 1506 1003 studiosa
1529 968 1736 1015 negligentia
1759 968 1969 1017 quandoque
1992 979 2145 1014 repetere
2167 983 2224 1005 ne-

1268 1018 1400 1065 gligant
1423 1030 1435 1061 ;
1457 1017 1491 1052 δι
1518 1017 1686 1053 debitores
1715 1016 1768 1051 vel
1795 1016 1994 1063 impotentia
2013 1042 2024 1058 ,
2054 1018 2106 1051 vel
2133 1013 2224 1064 judi—

1269 1067 1312 1100 cii
1336 1065 1588 1107 imbecillitate,
1614 1065 1633 1099 a
1654 1063 1789 1099 foenore
1813 1062 1845 1099 se
1868 1064 2042 1100 dissolvere
2071 1077 2140 1100 non
2169 1079 2224 1102 va-

1268 1114 1397 1155 lentes,
1422 1114 1520 1148 bonis
1546 1112 1678 1149 tandem
1708 1112 1864 1147 omnibus
1894 1111 2024 1159 spoliari
2045 1110 2088 1147 ad
2115 1124 2224 1150 extre-

1270 1174 1353 1196 mam
1374 1161 1569 1208 redigantur
1583 1160 1750 1208 inopiam‚
1772 1160 1921 1209 hincque
1941 1173 1990 1194 ma
2019 1172 2078 1202 na,
2099 1162 2132 1198 A:
2153 1175 2226 1210 per-

1269 1210 1392 1245 niciosa
1417 1209 1502 1244 inter
1529 1209 1622 1244 cives
1646 1208 1773 1244 oriatur
1795 1208 1966 1255 disparitas
1991 1173 2127 1244 {ustam
2155 1211 2226 1246 exi-

1269 1259 1431 1293 stimarem
1454 1258 1562 1304 legem
1577 1283 1587 1299 ‚
1611 1268 1694 1304 quae
1717 1267 1755 1291 ut
1775 1256 1856 1291 huic
1880 1255 2079 1303 contagioni
2102 1270 2227 1294 occur-

1270 1317 1356 1341 reret
1376 1331 1386 1348 ‚
1416 1305 1579 1341 recambia
1608 1303 1716 1353 usque
1741 1304 1784 1340 ad
1812 1315 1941 1339 certum
1969 1316 2143 1341 numerum
2169 1319 2227 1343 to-

1269 1355 1388 1389 leraret
1408 1381 1419 1396 ,
1444 1355 1477 1388 δε
1502 1355 1546 1389 ab
1574 1353 1652 1389 inde
1677 1352 1796 1387 salubri
1820 1351 1980 1399 temporis
2002 1352 2227 1402 praescriptio-

1270 1414 1312 1436 ne
1329 1402 1508 1448 perimeret
1532 1415 1545 1445 ;
1566 1404 1600 1437 ὅ(
1628 1402 1669 1436 ab
1692 1401 1761 1436 hoc
1787 1410 2048 1447 temperamento
2075 1415 2140 1436 non
2165 1403 2228 1438 dis-

1270 1460 1406 1497 crepant
1429 1462 1510 1497 quae
1537 1449 1649 1485 scribit
1676 1452 1775 1499 Cagn.
1801 1462 1893 1497 quem
1917 1451 2023 1483 citavi
2041 1450 2072 1494 ξ.
2084 1451 2159 1499 seq.
2175 1452 2227 1502 gl.

1272 1512 1303 1533 2.
1317 1511 1402 1533 num·
1455 1523 1464 1533 ο

1320 1546 1353 1581 T
1357 1509 1488 1592 emigra
1506 1545 1656 1583 secundo
1680 1573 1691 1589 ‚
1717 1557 1756 1582 ut
1783 1544 1936 1593 quamvis
1965 1544 2035 1580 hoe
2061 1541 2230 1583 cambium

1272 1606 1310 1629 ex
1338 1595 1444 1641 magis
1474 1595 1640 1641 probabili
1665 1621 1675 1637 ,
1707 1595 1740 1629 &
1772 1593 1893 1628 veriori
1921 1593 2081 1628 sententia
2118 1595 2156 1630 sit
2190 1595 2228 1630 li-

1272 1643 1377 1678 citum
1400 1669 1410 1685 ‚
1441 1654 1549 1679 tamen
1574 1643 1660 1678 illud
1687 1642 1832 1679 exerceri
1860 1641 1920 1676 viri
1954 1640 2047 1676 dotti
2076 1654 2230 1678 commu-

1272 1693 1357 1727 niter
1376 1689 1565 1727 dissuadent
1587 1719 1598 1734 ,
1623 1691 1708 1730 inter
1730 1702 1822 1738 quos
1855 1690 1929 1726 sunt
1959 1692 2122 1725 Leonard.
2149 1692 2229 1741 Leff.

1272 1741 1314 1774 de
1337 1740 1410 1785 just.
1432 1740 1491 1775 lib.
1514 1753 1545 1774 2.
1570 1751 1641 1787 cap.
1668 1752 1723 1786 ²3·
1747 1749 1868 1773 numer.
1891 1750 1947 1784 γι.
1973 1743 2023 1778 Jo.
2048 1742 2155 1774 Azor.
2187 1741 2231 1774 de

1273 1789 1371 1834 instit.
1399 1789 1517 1823 moral.
1541 1799 1629 1835 part.
1655 1801 1684 1833 3.
1708 1787 1766 1822 lib.
1798 1800 1850 1822 ιο.
1875 1791 1926 1821 tit.
1953 1787 1995 1821 de
2018 1787 2123 1822 camb.
2143 1802 2172 1822 c.
2194 1800 2231 1832 9.

1273 1836 1376 1884 quaest'.
1397 1847 1430 1871 2.
1456 1836 1491 1871 &
1511 1836 1577 1870 late
1596 1836 1701 1871 Mich.
1724 1835 1794 1869 Sal.
1817 1834 1865 1869 ad
1887 1837 1932 1869 D.
1957 1833 2068 1869 Thom.
2084 1847 2152 1870 2.2.
2164 1837 2233 1884 pol}

1274 1884 1376 1931 quaest.
1400 1884 1457 1931 78.
1485 1887 1518 1918 in
1539 1885 1697 1933 disputat.
1721 1883 1763 1917 de
1786 1882 1890 1919 camb.
1922 1882 2024 1930 quaest.
2047 1896 2081 1924 ⁴·
2103 1895 2170 1918 arr.
2197 1896 2230 1918 ι.

1273 1943 1374 1968 contr.
1396 1943 1447 1966 ιι.
1466 1945 1588 1967 numer.
1613 1943 1641 1977 5.
1668 1944 1756 1966 vers.
1781 1944 1838 1980 ego
1862 1942 1947 1965 certe
1962 1934 1984 1972 ,”
1999 1931 2034 1967 &
2045 1933 2139 1978 seqq.
2154 1942 2230 1967 rom.

1274 1981 1468 2026 2.fol.59o.
1490 1981 1525 2017 (ς’
1551 1991 1629 2026 ς9ι.
1650 1979 1798 2027 haecque
1817 1977 2036 2013 dissurisiorilli
2054 1979 2232 2025 praecipuo

1273 2029 1393 2065 nititur
1414 2027 1636 2064 fundamento
1652 2055 1660 2067 ‚
1687 2028 1785 2077 qnod
1805 2038 1958 2062 mutuum
1985 2026 2084 2063 facile
2106 2027 2233 2073 palliari

1274 2076 1384 2123 potest
1412 2077 1544 2111 cambio
1569 2103 1579 2118 ‚
1613 2077 1766 2123 ideoque
1796 2075 1962 2111 cambium
1992 2075 2091 2111 valde
2125 2075 2232 2123 suspe-

1273 2126 1362 2159 &um
1391 2123 1458 2160 esse
1484 2124 1528 2159 de
1553 2125 1649 2160 usura
1669 2124 1816 2160 scribunt
1844 2124 1865 2158 ii
1892 2122 2232 2172 quos-citavisupss.
2275 2135 2278 2138 ’

1277 2185 1307 2207 ι.
1327 2187 1357 2221 q.
1380 2185 1409 2207 ι.
1431 2174 1577 2208 num.16.
1601 2174 1635 2208 ὅ(
1654 2171 1834 2219 praesertim
1851 2172 1919 2205 hoc
1936 2171 2102 2206 cambium
2119 2183 2233 2206 recur-

1272 2220 1317 2256 sae
1332 2247 1341 2262 ,
1365 2232 1444 2257 cum
1467 2221 1499 2255 in
1518 2233 1561 2256 eo
1585 2222 1692 2268 major
1713 2220 1786 2255 infit
1809 2219 1894 2254 ratio
1912 2218 2135 2266 suspicionis3
2152 2220 2232 2256 ideo

1272 2270 1459 2316 campsores
1484 2295 1494 2311 ‚
1521 2269 1581 2315 qui
1609 2270 1679 2303 hoc
1703 2268 1869 2303 cambium
1895 2268 2015 2302 volunt
2039 2279 2194 2303 exercere
2220 2294 2231 2309 ‚

1271 2317 1427 2354 studeant
1457 2327 1497 2352 ut
1523 2317 1607 2352 illud
1630 2326 1806 2352 exerceant
1825 2326 1904 2350 cum
1929 2315 2055 2361 justitia
2077 2340 2087 2356 ‚
2109 2316 2143 2351 ὅ(
2167 2316 2234 2352 fine

1269 2365 1399 2401 fraude.
1764 2379 1766 2382 ·

1320 2415 1457 2458 Quaero
1474 2413 1576 2450 tertio
1590 2425 1632 2449 an
1649 2412 1864 2455 Francistus,
1879 2412 1940 2460 qui
1960 2411 2062 2449 Petro
2079 2411 2175 2449 dedit
2185 2408 2228 2448 ad

1269 2462 1436 2498 cambium
1457 2463 1490 2497 in
1515 2462 1654 2498 civitate
1676 2462 1810 2497 Genuae
1834 2488 1844 2502 ,
1869 2461 2014 2507 receptis
2037 2462 2079 2496 ab
2105 2459 2228 2496 eodem

1269 2511 1373 2546 Petro
1393 2511 1512 2547 litteris
1531 2510 1634 2545 solitis
1648 2509 1766 2546 cambii
1781 2536 1790 2550 ,
1807 2508 1845 2544 sit
1860 2508 1983 2545 illemet
2004 2509 2034 2544 F
2036 2509 2201 2545 ranciscus
2215 2535 2228 2551 ,

1269 2559 1329 2607 qui
1353 2559 1468 2606 postea
1490 2559 1524 2593 in
1547 2558 1703 2593 nundinis
1721 2558 1754 2591 in
1773 2557 1912 2593 civitate
1931 2556 2113 2594 Placentiae
2127 2556 2229 2594 solvit

1270 2608 1327 2643 sibi
1354 2607 1412 2653 ipsi
1433 2619 1472 2642 ex
1499 2606 1618 2641 ordine
1642 2606 1823 2641 litterarum
1846 2604 1969 2642 Petri?

1320 2654 1548 2700 Respondeo,
1571 2655 1667 2702 quod
1685 2653 1731 2688 est
1747 2653 1835 2688 idem
1850 2654 1902 2688 vel
1919 2651 2151 2694 essentialiter,
2173 2650 2228 2686 vel

1271 2702 1541 2752 repraesentative
1557 2729 1566 2744 ‚
1588 2704 1652 2737 erit
1672 2701 1884 2737 essentialiter
1901 2728 1910 2742 ‚
1926 2701 1948 2736 fi
1962 2701 2101 2748 ipsemet
2120 2695 2228 2735 acces-

1271 2753 1346 2787 serit
1361 2752 1404 2788 ad
1417 2750 1582 2787 nundinas
1599 2751 1696 2797 quod
1712 2749 1822 2797 potest
1841 2749 1951 2785 facere
1963 2776 1974 2791 ‚
1993 2758 2034 2784 ut
2053 2745 2161 2796 scripsi
2165 2749 2229 2796 su-

1267 2812 1332 2849 pra
1354 2801 1525 2847 §.1.qu.5.
1537 2799 1604 2846 sub
1624 2810 1653 2832 n.
1672 2810 1729 2845 75.
1747 2809 1835 2832 vers.
1857 2799 2002 2842 adventa
2017 2800 2112 2831 tertio
2130 2822 2141 2838 ,
2165 2795 2229 2833 erit

1271 2847 1547 2896 repraesentative
1561 2874 1571 2888 ,
1593 2847 1615 2880 fi
1641 2858 1709 2880 non
1732 2846 1871 2880 accedat
1892 2872 1901 2887 ‚
1925 2842 1982 2880 sed
2004 2844 2114 2880 mittat
2134 2869 2146 2886 ,
2170 2842 2229 2878 seu

1272 2897 1410 2933 ordinet
1432 2895 1526 2930 alteri
1543 2907 1620 2929 cum
1645 2894 1820 2931 sufficienti
1844 2895 2012 2930 mandato.

1320 2946 1466 2983 Declara
1485 2942 1593 2989 primo
1615 2941 1701 2977 lianc
1725 2941 1970 2987 responsionem
1985 2967 1996 2982 ‚
2024 2949 2064 2976 ut
2088 2951 2168 2976 cum
2191 2949 2232 2974 ex

1273 2993 1336 3028 hac
1352 2992 1522 3027 solutione
1535 3017 1544 3032 ,
1563 2989 1715 3025 facienda
1733 2990 1790 3024 sibi
1805 2989 1864 3035 ipsi
1882 2988 2044 3035 campsori
2058 3015 2068 3031 ‚
2090 2988 2231 3036 aliquod

1273 3042 1320 3077 ob
1343 3050 1541 3086 conceptam
1562 3038 1671 3074 mutui
1690 3037 1812 3084 palliati
1838 3036 2056 3082 suspicionem
2086 3037 2232 3077 oriretur

1273 3088 1462 3123 scandalum
1475 3113 1484 3127 ‚
1501 3087 1687 3132 campsores
1705 3086 1748 3119 ad
1765 3084 1952 3120 scandalum
1967 3084 2167 3126 tollendum,
2182 3080 2232 3119 so-

1275 3136 1363 3171 leant
1381 3135 1566 3181 concipere
1586 3134 1731 3174 litteras,
1743 3145 1781 3176 u't
1795 3135 1821 3167 is
1840 3133 1898 3181 qui
1916 3132 2044 3167 solvere
2057 3133 2159 3168 debet
2172 3129 2231 3166 fibi

1275 3183 1346 3231 ipsi,
1364 3195 1434 3218 non
1451 3183 1488 3217 sit
1505 3182 1592 3216 idem
1608 3179 1770 3229 campsor‚
1786 3180 1843 3216 sed
1857 3182 1894 3216 lit
1911 3181 1994 3216 alius
2007 3177 2156 3227 ejusdem
2169 3191 2232 3215 no-

1276 3232 1370 3268 minis
1386 3257 1396 3272 ,
1425 3231 1458 3265 ὃς
1478 3230 1691 3275 cognominis
1713 3229 1773 3277 qui
1797 3229 1979 3275 reperiatur
2000 3229 2033 3262 in
2051 3226 2234 3263 nundinis:

1277 3291 1355 3314 curn
1376 3279 1462 3315 enim
1479 3277 1575 3312 inslat
1591 3289 1721 3324 tempus
1739 3278 1960 3312 nundinarum
1975 3302 1985 3318 ‚
2000 3275 2108 3311 solent
2122 3285 2233 3320 camp-

1278 3327 1387 3368 sores,
1409 3327 1469 3374 qui
1487 3326 1519 3359 in
1538 3325 1694 3360 nundinis
1713 3325 1836 3360 habent
1852 3323 2003 3364 domum,
2034 3333 2073 3359 ut
2092 3321 2160 3357 dixi
2174 3323 2233 3370 su-

1277 3386 1340 3423 pra
1357 3373 1622 3423 §.2.gloffi4.sub
1636 3373 1845 3409 n.8.mittere
1857 3372 1898 3406 ad
1915 3382 1969 3407 eas
1981 3372 2125 3419 aliquem
2139 3369 2236 3404 snum

1279 3424 1437 3469 juvenem
1459 3432 1535 3455 cum
1549 3421 1654 3467 ampla
1673 3420 1835 3456 facultate
1857 3418 2089 3466 expendendi,
2111 3418 2145 3452 ὅ(
2166 3414 2238 3451 sub-

1281 3470 1443 3506 scribendi
1472 3480 1594 3503 nomen
1628 3468 1772 3514 ipsorum
1801 3470 2010 3514 camplorum
2038 3492 2049 3507 ‚
2075 3466 2102 3511 †
2132 3475 2238 3513 quare

1282 3518 1511 3558 Lansrancus,
1529 3515 1590 3562 qui
1611 3518 1747 3552 Genua:
1761 3516 1884 3562 accipit
1905 3513 2036 3548 cambio
2050 3513 2070 3548 ὲ
2090 3511 2237 3548 Francis·

1286 3578 1329 3600 co
1349 3564 1492 3604 Nomio,
1512 3563 1621 3597 scribit
1647 3563 1676 3597 F
1679 3562 1826 3598 rancisco
1845 3561 2050 3603 Placentiae,
2072 3571 2111 3595 ut
2131 3560 2239 3596 solvat

1286 3613 1344 3648 fibi
1355 3610 1413 3661 ipfi
1425 3638 1435 3655 ,
1447 3611 1564 3646 dicens
1570 3621 1629 3657 per
1642 3612 1678 3647 la
1693 3612 1812 3647 valusa
1825 3610 1954 3661 battuta
1968 3609 2010 3644 de
2024 3611 2166 3645 contami
2177 3607 2240 3642 dal

2136 3657 2241 3705 vostro

2267 2405 2366 2458 8352

2378 1465 2394 1499 5³

2384 3011 2400 3046 ll
