2400 3939
190 2303 228 2337 ¹3

193 2400 234 2431 ¹4

195 2816 235 2851 ¹5

224 187 258 236 4
272 186 287 217 1
304 183 336 232 4
1157 235 1165 240 ,

225 246 295 284 dixi
311 276 320 288 ‚
339 259 447 283 tamen
474 246 559 281 illud
580 248 626 280 ob
651 247 774 280 nullam
804 243 943 291 periculi
968 243 1194 289 majoritatem

228 297 343 344 augeri
363 296 474 342 potest
493 322 501 336 ,
523 295 577 328 sed
596 293 700 329 solum
717 295 826 339 potest
844 292 945 326 minui
962 318 972 332 ,
991 291 1083 337 quasi
1098 288 1199 336 pretii

230 344 378 382 latitudo
400 353 545 377 remanet
575 342 656 376 infra
681 342 823 388 pretium
854 350 1004 375 taxatum
1020 365 1030 380 ,
1055 338 1088 372 δε
1110 348 1196 371 nun-

231 405 332 442 quam
351 392 448 438 supra
463 403 523 438 per
544 402 580 425 ea
593 417 602 431 ,
623 402 705 438 quae
724 389 901 436 loquendo
926 388 968 422 de
991 386 1100 432 pretio
1115 396 1197 419 cen-

233 443 286 478 sus
300 468 310 482 ,
328 440 383 475 seu
397 441 458 474 alia
475 438 585 474 fimilia
599 465 608 480 ‚
629 449 744 473 taxato
765 440 783 471 a
805 438 881 483 lege
896 462 905 476 ‚
923 435 1147 481 scripsisupra
1162 435 1195 479 §.

240 504 270 526 ι.
288 490 562 538 quaest.7.part.2,
578 489 740 533 amphio.
758 498 842 520 num.
857 490 911 529 69.
928 486 961 518 ὅ(
980 482 1038 516 ubi
1050 483 1102 516 lex
1117 508 1126 523 ,
1144 481 1198 515 vel

238 536 453 578 consuetudo
477 546 587 570 taxare
609 535 730 569 debeat
756 533 898 580 pretium
922 558 931 573 ‚
955 544 1022 565 non
1043 529 1200 566 conside-

239 586 325 622 rabit
338 583 604 631 magnitudinem
617 609 626 623 ‚
647 581 702 616 seu
721 582 916 628 parvitatem
936 578 1077 626 periculi
1086 579 1120 612 in
1130 589 1202 612 uno

242 633 318 671 casu
334 660 344 675 ‚
368 632 422 667 sed
442 632 475 665 in
493 630 683 668 universum
709 656 719 670 ,
751 640 907 675 tanquam
933 629 954 661 ii
978 625 1202 677 constitueret

242 682 386 730 pretium
410 692 472 727 pro
496 678 623 726 quovis
640 677 793 725 periculo
817 678 849 711 in
870 687 994 722 genere
1018 686 1025 707 :
1051 674 1131 722 quia
1146 683 1203 708 cui

244 742 310 765 non
340 730 450 776 placet
476 727 622 772 pretium
653 752 663 767 ‚
701 726 861 760 abstineat
890 725 909 760 a
935 723 1132 759 venditione
1165 721 1205 755 il-

246 779 308 813 lius
331 789 339 811 :
375 778 408 812 ὅ(
438 776 507 811 hoc
539 774 628 808 idem
665 773 910 809 observandum
942 771 1050 807 forsan
1082 769 1163 806 eflet
1194 795 1206 810 ,

246 827 270 862 si
296 825 476 860 deficiente
512 823 596 869 legis
622 849 631 862 ‚
661 825 694 859 ὅ(
721 820 973 857 consuetudinis
999 818 1170 855 taxatione
1195 843 1206 869 3

248 874 329 909 esset
361 874 393 909 in
416 872 492 909 casu
518 870 714 906 occurrenti
748 869 926 904 taxandum
962 867 1099 903 arbitrio
1126 868 1209 902 boni

252 935 324 958 viri.

301 969 458 1016 Intellige
482 967 631 1004 secundo
652 994 663 1010 ‚
686 978 724 1002 ut
747 967 781 1002 id
798 993 807 1008 ,
830 964 930 1013 quod
950 963 1082 999 constat
1106 962 1211 1016 longe

250 1019 371 1055 distare
385 1017 403 1052 ὲ
417 1016 593 1064 periculo,
612 1028 680 1050 non
691 1016 823 1050 dicatur
840 1014 1025 1060 expositum
1045 1013 1212 1063 periculo,

253 1067 499 1114 consequenter
525 1065 654 1099 nullum
684 1064 721 1099 sit
749 1063 837 1101 illius
865 1061 1003 1107 periculi
1027 1071 1171 1106 pretium
1201 1085 1211 1100 ‚

256 1128 314 1163 per
333 1127 373 1151 ea
394 1125 475 1161 quae
498 1113 531 1147 in
557 1112 627 1159 aliis
647 1110 794 1147 terminis
818 1109 887 1146 dixi
918 1122 945 1144 r.
968 1122 996 1156 q.
1022 1123 1054 1156 7.
1073 1119 1159 1155 part.
1173 1120 1212 1159 .²·

254 1163 355 1210 ampl.
375 1174 427 1198 10.
435 1161 500 1210 sub
512 1172 635 1207 nianz.5.
650 1159 985 1207 verfic.subimellige
997 1184 1007 1199 ,
1028 1168 1110 1191 tunc
1125 1167 1214 1189 enim

257 1211 451 1248 contradus
478 1208 647 1244 videretur
675 1208 791 1255 potius
819 1207 904 1241 dolo
931 1207 1033 1241 initus
1059 1231 1069 1246 ‚
1097 1215 1135 1256 ut
1162 1204 1215 1237 lo-

258 1257 400 1308 quendo
425 1259 469 1293 de
491 1257 666 1292 contrastu
690 1255 943 1290 assecurationis
957 1282 966 1296 ‚
991 1267 1057 1288 non
1078 1251 1216 1287 existen-

256 1318 294 1344 te
317 1307 470 1354 periculo
486 1332 496 1349 ,
515 1304 625 1352 scripsi
643 1305 758 1339 eadem
781 1304 882 1351 ampl.
906 1317 958 1338 ιο.
973 1315 1004 1337 n.
1024 1315 1079 1335 21.
1103 1301 1217 1346 versus

250 1357 363 1400 finem.

307 1403 469 1449 Intellige
497 1402 598 1438 tertio
619 1429 629 1444 ‚
666 1400 762 1451 quod
786 1399 929 1438 diximus
943 1402 1018 1446 sup.
1047 1398 1219 1450 extensiones

265 1467 294 1488 ι.
310 1455 344 1490 &³
361 1466 392 1487 2.
409 1450 503 1498 poffe
514 1463 575 1497 pro
591 1452 710 1486 eodem
726 1451 836 1496 pretio
851 1450 868 1482 a
884 1450 961 1494 lege
975 1458 1100 1487 taxato,
1120 1447 1220 1480 vendi

263 1502 296 1536 ὃ(
319 1501 383 1536 emi
403 1500 510 1545 majus
529 1500 561 1534 ὃς
589 1499 697 1532 minus
715 1498 901 1543 periculum
917 1523 926 1538 ‚
955 1506 993 1531 ut
1020 1496 1184 1541 procedat
1207 1520 1217 1535 ‚

263 1548 402 1597 quando
418 1546 565 1582 excessus
581 1546 719 1592 periculi
735 1559 803 1580 non
819 1545 865 1580 est
878 1543 1053 1583 notorum,
1070 1555 1107 1577 ut
1124 1555 1219 1588 puta,

263 1610 331 1632 non
350 1597 396 1632 est
413 1597 499 1631 ultra
519 1595 693 1630 dimidium
710 1608 717 1630 ;
733 1594 826 1628 secus
842 1594 862 1626 si
879 1593 916 1627 sit
932 1592 1017 1627 ultra
1032 1590 1220 1638 dimidium,

263 1646 344 1692 quia
363 1656 444 1679 tunc
471 1642 579 1690 posset
596 1643 741 1677 dubitari
763 1670 771 1680 ,
792 1642 890 1689 quod
908 1641 992 1675 ficut
1011 1641 1138 1685 emptio
1153 1666 1162 1680 ,
1188 1640 1221 1673 &

266 1693 417 1728 venditio
434 1692 596 1738 periculi,
615 1690 697 1725 dolo
714 1691 792 1725 inita
805 1717 814 1731 ‚
839 1702 908 1723 non
927 1698 1080 1728 teneret,
1104 1699 1162 1734 per
1185 1699 1223 1721 ea

265 1754 346 1788 quae
363 1740 432 1775 dixi
447 1741 480 1775 d.
496 1741 658 1788 ampl.io.
674 1751 797 1784 namq.
818 1751 868 1782 ¹9-
885 1738 1020 1784 &seqq.
1040 1736 1084 1769 ita
1100 1737 1198 1770 etiam
1210 1761 1220 1776 ,

266 1791 288 1825 fi
311 1790 349 1824 sit
368 1789 448 1824 inita
463 1800 538 1823 cum
561 1787 722 1822 excessiva
737 1788 873 1827 laefione
888 1813 897 1826 ,
918 1786 996 1833 quia
1016 1795 1095 1819 tunc
1119 1783 1223 1818 debet

266 1837 432 1878 rescindi,
451 1836 505 1871 vel
520 1835 665 1882 suppleri
682 1835 804 1880 justum
824 1834 980 1882 pretium,
999 1843 1076 1866 cum
1091 1831 1224 1866 dicatur

268 1887 368 1922 dolus
381 1913 390 1928 ‚
407 1884 597 1920 commistus
622 1895 655 1918 re
676 1883 741 1931 ipsa
758 1897 766 1918 ι
785 1885 817 1918 ὃς
835 1882 1017 1929 praesertim
1035 1880 1056 1913 fi
1079 1880 1224 1926 pretium

265 1947 334 1970 non
359 1932 439 1969 esset
461 1934 479 1968 a
498 1933 575 1980 lege
603 1943 750 1966 taxatum
765 1959 773 1974 ,
791 1933 828 1966 δί’
849 1932 1067 1978 loqueremur
1089 1928 1120 1961 in
1146 1927 1224 1964 foro

263 1982 414 2018 interiori
440 1995 448 2017 :
473 1980 554 2029 quia
576 1981 653 2015 esset
680 1980 783 2016 tutior
813 1979 864 2014 via
885 1992 898 2021 3
922 1978 976 2012 sed
997 1976 1078 2024 quia
1102 1976 1153 2010 his
1176 1988 1226 2011 re-

263 2041 415 2079 pugnant
431 2057 441 2072 ,
461 2042 540 2078 quae
555 2028 736 2075 dixisupra
754 2030 851 2063 distis
867 2029 986 2073 extenfi
1001 2040 1029 2061 i.
1046 2025 1080 2061 (θ’
1097 2038 1128 2058 2.
1146 2025 1226 2060 ideo

260 2079 431 2126 cogitabis
458 2105 468 2119 ,
499 2080 532 2113 <Sc
561 2075 691 2112 interim
720 2077 825 2111 discas
849 2075 928 2109 hinc
957 2101 966 2116 ,
994 2073 1224 2108 abstinendum

263 2127 329 2164 esse
346 2154 356 2168 ‚
381 2138 547 2174 quantum
564 2123 737 2172 postumus
760 2126 777 2160 a
797 2124 1031 2170 negotiatione
1047 2149 1055 2161 .
1082 2133 1118 2156 ut
1142 2123 1227 2156 cita-

263 2177 307 2213 tis
332 2176 435 2211 sacrae
458 2173 644 2220 Scripturas,¹
668 2173 755 2208 locis
773 2202 782 2216 ‚
807 2171 922 2207 monui
939 2174 1045 2219 snpra
1060 2171 1092 2215 §-
1113 2183 1142 2204 1.
1159 2181 1226 2218 qa.

267 2238 355 2259 num.
377 2235 434 2270 77.
1105 2267 1111 2270 ῃ

265 2294 269 2297 »
317 2272 462 2310 Declara
483 2269 608 2313 latius,
626 2280 755 2317 quanta
783 2266 849 2302 effe
868 2267 990 2303 debeat
1016 2266 1163 2314 provifio
1190 2279 1229 2302 eit

272 2321 345 2361 his,
368 2332 450 2367 quae
473 2317 584 2364 scripsi
610 2321 699 2366 infra
722 2330 813 2361 n.29.

322 2371 461 2414 Quaero
478 2366 573 2401 sexto
587 2393 596 2408 ,
611 2379 651 2401 an
670 2378 732 2412 pro
757 2366 859 2400 unico
876 2364 1007 2400 cambio
1033 2365 1132 2411 possit
1153 2365 1232 2413 quis

272 2419 430 2464 accipere
450 2415 562 2461 plures
583 2414 790 2460 provisiones
805 2440 813 2454 ,
833 2414 886 2448 vel
907 2413 1038 2448 unicam
1065 2425 1205 2449 tantum.

320 2463 526 2512 Respondeo
542 2489 551 2504 ,
570 2462 812 2498 constituendo
832 2462 979 2508 regulam
1004 2462 1195 2509 negativam
1220 2488 1230 2502 ,

270 2514 369 2563 quod
391 2524 458 2547 non
481 2512 592 2557 potest
611 2511 788 2556 accipere,
811 2510 867 2544 nifi
892 2521 987 2543 unam
1011 2520 1140 2545 tantum
1166 2523 1173 2545 ε
1199 2511 1232 2544 &

271 2562 358 2598 ratio
377 2561 423 2596 est
440 2559 579 2595 evidens
592 2586 601 2599 ,
626 2559 706 2606 quia
728 2559 749 2592 si
771 2559 870 2593 semel
885 2559 1012 2592 laborat
1027 2584 1037 2598 ‚
1061 2558 1157 2593 semel
1173 2559 1233 2592 de-

271 2611 330 2646 bet
347 2609 501 2655 accipere
523 2607 747 2653 provisionem
768 2618 775 2640 .·
797 2608 829 2640 δε
851 2616 896 2640 ita
915 2606 1113 2651 praebeatur
1128 2634 1136 2649 ‚
1159 2607 1193 2641 δε
1212 2606 1233 2640 fi

273 2658 369 2694 aliter
381 2657 478 2692 fieret
492 2683 501 2694 ,
517 2655 596 2690 esset
611 2655 764 2690 illicitum
779 2681 787 2696 ,
805 2655 838 2689 ὃς
855 2654 916 2702 qui
931 2655 1123 2700 acciperet,
1140 2665 1233 2690 tene-

273 2718 364 2743 retur
380 2706 423 2739 ad
440 2704 682 2740 restitutionem
697 2730 707 2745 ,
727 2704 822 2738 etiam
845 2703 866 2737 fi
889 2701 1070 2750 accepisset
1089 2714 1128 2737 ex
1149 2713 1232 2738 con-

274 2754 447 2790 ventione.

324 2802 446 2840 Infero
463 2813 503 2835 ex
520 2800 578 2834 ista
594 2801 721 2848 regula,
740 2800 837 2848 quod
852 2812 913 2846 pro
928 2799 1060 2835 cambio
1076 2798 1231 2839 recutsae,

277 2851 480 2888 continuato
499 2861 558 2896 per
576 2849 688 2893 plures
704 2860 808 2882 annos
826 2875 835 2889 ,
857 2847 1080 2895 campsuarius
1100 2846 1236 2882 debitor

276 2912 345 2936 non
359 2908 492 2934 tenetur
508 2924 518 2939 ,
535 2897 590 2930 nisi
605 2898 647 2932 ad
665 2897 796 2930 unicam
811 2897 1037 2942 provisionem
1051 2896 1083 2929 in
1101 2895 1236 2941 singulis

278 2946 436 2984 nundinis
459 2961 467 2981 2
491 2945 532 2979 ad
550 2946 641 2979 hunc
664 2954 776 2981 autem
801 2955 934 2980 tenetur
948 2945 980 2978 in
1002 2943 1137 2990 singulis
1153 2955 1236 2978 nun-

281 2995 370 3032 dinis
383 3022 392 3035 ‚
411 2995 470 3042 qui
490 2994 517 3027 is
534 3020 543 3033 ,
563 2993 641 3041 quia
657 2993 690 3027 in
715 2993 849 3039 fingulis
873 2992 1029 3027 nundinis
1054 2991 1151 3026 solvit
1174 3003 1236 3038 pro

281 3057 324 3079 eo
339 3070 348 3084 ‚
369 3043 422 3077 ve}
448 3043 580 3076 mandat
610 3041 691 3075 solvi
711 3053 773 3086 pro
794 3053 836 3075 eo
851 3067 861 3081 ‚
879 3041 965 3088 gerit
985 3039 1084 3086 ipsius
1101 3039 1237 3074 debito-

281 3093 324 3127 ris
345 3090 521 3137 negotium
537 3101 613 3124 cum
630 3089 691 3123 suo
711 3089 862 3134 periculo
875 3117 884 3131 ‚
907 3089 1003 3138 quod
1021 3087 1067 3122 est
1083 3088 1238 3122 mercede

283 3140 421 3187 dignuin
438 3152 445 3172 :
461 3137 545 3173 solet
561 3149 706 3183 namque
726 3137 874 3172 creditor
891 3165 900 3177 ‚
916 3138 974 3184 qui
990 3136 1084 3171 dedit
1103 3136 1237 3170 cambio

282 3187 491 3223 intercedere
507 3213 516 3225 ,
538 3185 586 3219 uti
609 3184 779 3230 fidejussor
797 3185 844 3219 sui
865 3185 1029 3220 debitoris
1044 3210 1054 3224 ‚
1077 3184 1120 3218 ad
1140 3183 1237 3218 favo—

282 3249 350 3270 rem
373 3234 506 3280 agentis
534 3232 632 3278 ipsius
658 3232 833 3267 creditoris
849 3261 858 3274 ‚
885 3234 964 3268 dum
986 3233 1053 3278 ipse
1075 3243 1177 3277 agens
1195 3232 1238 3265 de

281 3284 399 3318 ordine
421 3281 598 3316 creditoris
621 3280 718 3315 solvit
744 3281 894 3315 debiturn
914 3309 923 3322 ‚
949 3282 1043 3327 juxta
1067 3292 1104 3313 ea
1123 3306 1132 3320 ‚
1157 3291 1238 3327 quae

283 3331 390 3377 scripsi
400 3333 504 3378 supra
518 3333 655 3376 §.t.q.5.
670 3330 813 3363 mun-86.
827 3329 936 3370 verfic.
953 3332 1062 3376 prima
1075 3354 1085 3370 ,
1102 3328 1136 3366 ὠ
1152 3329 1239 3375 infra

283 3381 450 3427 §.6.gl.i.
465 3381 555 3412 n.6i.
575 3378 608 3411 δε
625 3374 810 3421 fidejussori
827 3377 970 3412 debetur
990 3376 1134 3421 pretium
1151 3376 1239 3422 peri-

284 3427 352 3462 culi
371 3453 380 3467 ,
404 3436 442 3461 ut
464 3426 601 3459 secutus
618 3423 800 3470 sumsupra
820 3438 944 3471 num.7.
969 3425 1059 3460 secus
1075 3424 1122 3458 est
1138 3424 1170 3458 in
1188 3435 1239 3458 re-

283 3474 360 3510 ditu
387 3486 426 3507 ex
449 3472 604 3507 nundinis
621 3472 662 3505 ad
680 3472 851 3507 civitatem
877 3474 1012 3507 Genua:
1028 3499 1039 3513 ,
1062 3473 1140 3519 quia
1159 3472 1239 3506 licet

284 3523 327 3556 ibi
351 3521 496 3557 solvatur
522 3521 621 3555 trafia
646 3545 656 3559 .
679 3520 793 3566 ficque
820 3521 1036 3567 extinguatur
1059 3520 1238 3556 secundum

285 3570 449 3605 cambium
468 3595 477 3607 ,
503 3568 598 3615 qnod
624 3567 749 3602 dicitur
772 3569 815 3603 de
839 3568 948 3604 reditu
967 3567 1187 3602 nundinarum
1207 3569 1243 3602 &

287 3620 319 3654 ὃς
343 3631 404 3664 pro
430 3615 517 3650 illius
544 3614 715 3650 solutione
740 3616 772 3650 &
797 3616 999 3652 extinctione
1022 3616 1241 3650 contrahatur

286 3678 413 3703 novum
435 3691 445 3707 ‚
468 3665 500 3699 <iz
527 3664 570 3698 fic
592 3662 726 3699 tertium
752 3665 915 3701 cambium
936 3676 1000 3710 pro
1024 3664 1243 3712 sequentibus

545 151 897 237 Sigismundi
932 150 1177 209 Scacciae
1226 149 1425 209 Traoffi
1462 149 1536 208 de
1564 152 1858 211 Commer.

1248 243 1447 279 immediatis
1470 243 1624 278 nundinis
1643 271 1650 285 ‚
1670 246 1702 279 ὅ(
1725 246 1787 281 isto
1810 245 1873 293 pto
1890 245 1992 282 tertio
2014 245 2146 281 cambio
2166 245 2216 282 vi.-

1249 293 1372 328 deatur
1391 291 1565 327 adhibitus
1590 305 1701 327 novus
1721 296 1816 330 labor
1830 320 1841 336 ,
1869 296 2026 330 mercede
2046 294 2145 329 etiam
2167 294 2219 328 di-

1254 351 1344 388 gnus
1360 352 1368 374 :
1387 351 1496 375 tamen
1514 353 1582 375 non
1607 341 1653 374 est
1672 341 1715 376 ita
1729 368 1738 382 ‚
1765 342 1846 390 quia
1865 343 1897 376 in
1921 342 2140 377 confe‘ftione
2154 341 2221 375 hu-

1256 390 1312 435 jus
1335 387 1425 423 tertii
1448 387 1568 422 cambii
1590 401 1658 422 non
1674 390 1718 422 est
1735 402 1824 436 opus
1839 390 2048 437 fidejuffione
2067 390 2123 424 seu
2140 391 2222 424 alte·

1259 437 1327 470 rins
1351 436 1488 477 labore,
1513 436 1592 484 quiet
1612 436 1747 482 ipsemet
1767 438 1903 474 debitor
1924 451 1983 485 per
2004 437 2038 472 se
2060 436 2164 484 ipsum
2181 438 2222 472 il-

1259 484 1320 518 lud
1339 484 1511 519 contrahit
1537 497 1544 519 :
1565 486 1599 518 <Sc
1622 485 1707 519 sicut
1732 485 1764 520 in
1783 487 1959 521 contrastu
1983 486 2078 532 primi
2101 486 2223 521 cambii

1259 532 1294 567 in
1318 531 1459 566 civitate
1491 534 1626 568 Genuae
1645 559 1655 575 ‚
1676 534 1765 568 nulla
1786 535 1897 582 potest
1919 533 2118 571 considerari
2143 546 2222 580 pro·
2267 534 2279 539 ”

1263 580 1346 615 visio
1360 606 1370 621 ,
1383 579 1437 614 sed
1454 580 1562 615 solum
1578 581 1797 616 in-solutione
1813 582 1914 629 ipsius
1936 582 2054 617 cambii
2067 608 2076 621 ,
2096 581 2222 616 facien-

1263 629 1305 663 da
1321 628 1355 663 in
1377 629 1535 664 nundinis
1547 655 1557 670 ‚
1574 639 1613 664 ut
1635 629 1704 664 dixi
1717 632 1824 678 supra
1836 657 1846 672 ,
1866 631 1912 666 ita
1926 630 2028 665 etiam
2045 631 2092 664 est
2107 629 2224 665 dicen·

1263 677 1344 711 dum
1362 677 1406 711 de
1421 677 1484 712 isto
1499 677 1602 712 tertio
1626 679 1759 713 cambio
1776 705 1786 719 ‚
1809 679 1907 726 quod
1931 679 2067 713 Genuae
2081 689 2225 713 renova.

1266 735 1320 760 tur
1346 737 1409 772 pro
1436 725 1595 760 nundinis
1616 751 1632 769 ,Ι
1649 725 1841 769 immediate
1864 726 2083 774 sequentibus
2106 752 2117 768 ,
2145 726 2226 773 quia

1265 773 1413 819 provifio
1438 773 1620 808 debebitur
1635 800 1645 815 ‚
1669 774 1811 821 quando
1831 774 1864 809 in
1887 774 2044 817 nundinis
2058 773 2119 813 fiet
2139 773 2227 817 soluq

1267 822 1317 856 tio
1345 821 1491 863 cambii,
1515 823 1549 856 ὅ(
1571 821 1658 856 illius
1674 822 1871 868 provisionis
1891 823 2019 858 solutio
2035 849 2045 864 ,
2067 834 2131 858 una
2149 834 2229 866 curti

1267 868 1438 911 solutione
1460 869 1568 907 totius
1591 870 1710 904 cambii
1734 871 1919 905 destinatur
1942 870 2068 917 semper
2085 882 2228 914 exnun-

1268 917 1354 952 dinis
1373 917 1416 952 ad
1442 917 1616 953 civitatem
1632 919 1768 953 Genuae
1788 947 1799 961 ,
1817 921 1852 953 ὅ(
1871 931 1948 954 curn
1966 918 2029 953 hac
2051 918 2200 954 illatione
2214 944 2227 962 „

1270 966 1367 1014 quod
1386 965 1548 1001 debeatur
1565 977 1629 1001 una
1644 977 1772 1002 tantum
1796 967 1943 1013 provisio
1957 994 1967 1009 ‚
1985 969 2019 1002 &
2038 978 2104 1002 non
2124 969 2204 1009 duae
2217 993 2229 1009 ,

1271 1014 1426 1060 intelligo
1453 1041 1464 1056 ,
1488 1025 1527 1049 ut
1552 1014 1743 1049 concordet
1770 1016 1942 1051 Romoald.
1971 1016 2041 1049 Coli
2060 1015 2159 1057 trast-
2186 1016 2233 1050 de

1271 1062 1374 1097 camb.
1392 1075 1457 1097 c.2.
1477 1065 1564 1109 vers.
1577 1076 1632 1098 ma
1648 1066 1702 1110 qui
1720 1062 1850 1112 bisogna
1869 1063 1987 1101 dicens
2003 1063 2103 1109 quod
2125 1063 2230 1107 Joan-

1272 1122 1330 1144 nes
1344 1136 1354 1150 ‚
1375 1111 1543 1157 accipiens
1561 1111 1692 1153 cambio
1709 1111 1727 1145 a
1744 1111 1846 1146 Petro
1861 1138 1871 1152 ,
1895 1124 1964 1146 non
1979 1111 2083 1146 debet
2100 1111 2231 1156 gravari

1274 1157 1403 1204 duplici
1425 1157 1616 1205 provisione
1633 1185 1643 1201 ,
1658 1159 1705 1194 ita
1723 1171 1762 1194 ut
1777 1171 1848 1194 eam
1867 1160 1958 1206 prius
1981 1159 2083 1193 salvat
2100 1160 2205 1195 Petro
2219 1185 2230 1202 ‚

1274 1208 1336 1254 qui
1359 1207 1543 1242 committit
1570 1206 1629 1242 suo
1650 1207 1787 1253 agenti,
1814 1218 1853 1242 ut
1880 1208 1986 1243 solvat
2009 1234 2019 1249 ‚
2049 1208 2082 1242 &
2108 1208 2233 1242 deinde

1275 1254 1332 1300 ipsi
1359 1256 1472 1302 agenti
1493 1281 1504 1296 ,
1530 1255 1614 1288 bene
1637 1267 1752 1290 verum
1777 1255 1822 1289 est
1844 1283 1854 1298 ,
1880 1256 2016 1302 inquit,
2042 1257 2140 1301 quod
2168 1256 2234 1290 Pe-

1277 1315 1345 1338 trus
1360 1329 1369 1344 ‚
1394 1304 1427 1338 &
1453 1307 1528 1352 eJ'us
1547 1314 1649 1349 agens
1668 1303 1800 1350 possent
1815 1303 1901 1339 inter
1919 1304 1952 1338 se
1972 1303 2124 1340 dividere
2147 1305 2234 1339 illam

1276 1351 1514 1398 provisionem.

1327 1400 1506 1435 Subinsero
1519 1425 1529 1441 ,
1553 1399 1783 1446 restringendo
1804 1399 1895 1435 istam
1911 1400 2093 1439 illationem
2105 1428 2116 1443 ,
2137 1401 2235 1449 quod

1278 1448 1300 1482 fi
1326 1447 1461 1483 debitor
1481 1447 1591 1483 necin
1612 1448 1769 1483 nundinis
1791 1449 1992 1491 Placentiae,
2019 1461 2082 1484 nec
2103 1451 2136 1483 in
2151 1449 2238 1484 civi-

1280 1506 1350 1530 tate
1376 1496 1510 1531 Genuae
1533 1497 1566 1530 in
1589 1495 1700 1531 reditu
1718 1507 1758 1531 ex
1775 1497 1932 1531 nundinis
1948 1509 2063 1544 ageret
2081 1510 2138 1542 per
2157 1498 2239 1544 seip-

1280 1545 1348 1580 sum
1363 1544 1420 1579 sed
1437 1545 1622 1591 utrobique
1636 1556 1693 1590 per
1706 1544 1800 1579 aliam
1821 1546 1991 1591 personam
2012 1549 2045 1580 ὅς
2064 1547 2108 1580 sic
2127 1557 2240 1593 exige-

1281 1603 1372 1627 retur
1395 1592 1610 1627 ministerium
1631 1593 1780 1627 duorum
1803 1593 2082 1628 mandatariorum
2111 1621 2121 1636 ,
2149 1593 2241 1641 quasi

1282 1642 1381 1675 etiam
1404 1639 1636 1687 fidejussorum
1657 1667 1667 1682 ,
1696 1652 1844 1688 quorum
1862 1642 1944 1676 alter
1964 1654 2080 1686 ageret
2097 1643 2132 1683 in
2156 1654 2242 1679 nun·-

1282 1689 1368 1723 dinis
1391 1688 1576 1724 Placentiae
1591 1715 1601 1729 ,
1618 1690 1651 1723 &
1665 1689 1747 1724 alter
1768 1690 1799 1722 in
1822 1690 1961 1724 civitate
1980 1691 2118 1725 Genuae
2130 1717 2140 1731 ,
2158 1691 2244 1724 utri-

1282 1749 1353 1784 que
1377 1737 1534 1772 solvenda
1551 1736 1630 1773 esset
1652 1735 1800 1782 provifio
1818 1764 1827 1778 ,
1849 1741 1957 1772 minor
1974 1750 2083 1777 tamen
2111 1751 2162 1780 ei,
2185 1738 2244 1786 qui

1283 1796 1399 1832 ageret
1415 1785 1447 1819 in
1463 1785 1602 1820 civitate
1619 1786 1756 1820 Genuae
1771 1786 1804 1819 in
1819 1786 1953 1832 propria
1967 1786 2074 1821 domo
2089 1814 2098 1827 ,
2116 1788 2149 1820 δε
2166 1787 2244 1821 huic

1284 1833 1487 1868 subillationi
1506 1833 1616 1879 posset
1636 1834 1888 1868 accommodari
1904 1861 1913 1876 ,
1932 1834 2030 1882 quod
2043 1834 2168 1880 scripsit
2183 1837 2245 1868 Bo-

1283 1884 1364 1930 ninsl
1385 1883 1482 1917 traft.
1504 1883 1546 1915 de
1568 1881 1672 1916 camb.
1692 1895 1721 1916 c.
1747 1892 1777 1927 5.
1793 1885 1880 1929 vers.
1899 1882 1982 1916 altri
2001 1885 2078 1929 poi,
2105 1887 2137 1916 in
2159 1894 2246 1918 nova

1285 1931 1481 1977 difficultate
1497 1956 1508 1971 ‚
1528 1930 1609 1964 dum
1623 1931 1669 1965 ait
1685 1956 1694 1971 ‚
1718 1930 1939 1976 provisionem
1962 1931 2171 1979 quandoque
2185 1931 2247 1965 du·

1286 1981 1407 2025 plicem
1426 1978 1508 2011 solvi
1531 1979 1571 2012 ab
1593 1990 1636 2014 eo
1659 2005 1668 2019 ‚
1689 1978 1749 2026 qui
1772 1979 1899 2025 accipit
1921 1978 2052 2013 cambio
2073 2005 2084 2021 ,
2109 1980 2212 2025 prima
2234 2006 2246 2021 ,

1286 2028 1398 2075 inquit
1412 2026 1553 2061 solvitur
1573 2026 1606 2060 in
1627 2027 1708 2062 loco
1722 2053 1731 2069 ‚
1753 2026 1812 2060 ubi
1833 2027 2044 2063 contrahitur
2059 2039 2098 2062 ca
2112 2027 2223 2061 vibium
2236 2053 2247 2069 ,

1286 2074 1432 2110 secunda
1452 2087 1534 2109 vero
1549 2074 1583 2108 in
1600 2075 1682 2110 loco
1697 2101 1706 2117 ‚
1724 2075 1765 2109 ad
1783 2086 1886 2122 quem
1910 2074 2054 2110 trahitur
2071 2075 2223 2109 debitum
2238 2087 2247 2110 z

1286 2135 1360 2158 nam
1379 2135 1445 2168 ego
1459 2149 1469 2164 ,
1484 2123 1688 2157 declarando
1710 2134 1784 2159 eum
1799 2149 1807 2162 ,
1831 2123 1911 2158 dico
1928 2150 1937 2164 ‚
1960 2123 2057 2170 quod
2072 2123 2126 2157 illa
2143 2123 2248 2171 prima

1288 2171 1436 2219 provisio
1457 2171 1490 2205 in
1512 2172 1593 2205 loco
1616 2197 1625 2212 ,
1648 2171 1707 2206 ubi
1728 2172 1940 2206 contrahitur
1964 2171 2128 2206 cambium
2144 2198 2154 2212 ‚
2179 2183 2248 2205 non

1289 2220 1432 2255 solvitur
1446 2246 1456 2261 ,
1471 2219 1494 2253 si
1515 2218 1686 2265 accipiens
1702 2220 1832 2255 cambio
1849 2219 1986 2264 ipsemet
1999 2219 2176 2254 contrahat
2187 2245 2196 2260 ‚
2213 2220 2249 2254 &

1290 2268 1433 2315 accipiat
1445 2293 1454 2308 ‚
1470 2267 1550 2314 quia
1565 2278 1648 2302 tunc
1662 2279 1759 2303 nemo
1777 2267 1811 2302 se
1827 2268 1958 2314 obligat
1973 2293 1983 2309 ,
2006 2278 2176 2315 nemoque
2191 2278 2250 2305 ne,-

1289 2317 1424 2363 gotium
1439 2315 1526 2362 gerit
1541 2327 1602 2361 pro
1619 2315 1692 2362 ipso
1711 2314 1806 2350 secus
1827 2315 1893 2357 est,
1912 2317 1934 2350 fi
1951 2315 2120 2350 mandaret
2137 2315 2250 2358 alicui,

1291 2376 1329 2399 ut
1353 2364 1527 2411 pecuniam
1542 2363 1675 2398 cambio
1695 2363 1864 2410 acciperet
1882 2375 1943 2410 pro
1961 2363 2031 2409 ipso
2051 2363 2251 2404 mandante,

1291 2413 1325 2447 δε
1357 2411 1580 2452 mandatarius
1615 2411 1785 2458 acciperet
1811 2438 1820 2454 ‚
1857 2412 1937 2459 quia
1964 2412 2032 2449 isto
2060 2410 2137 2446 casu
2164 2422 2253 2445 man-

1292 2461 1373 2496 dans
1399 2469 1570 2496 teneretur
1594 2460 1800 2495 mandatario
1821 2460 1864 2494 ad
1886 2459 2108 2507 provifionem
2126 2485 2135 2500 ‚
2152 2459 2251 2494 etiam

1291 2509 1324 2543 in
1343 2509 1424 2544 loco
1438 2535 1447 2550 ,
1467 2507 1522 2544 ubi
1538 2507 1725 2543 initiaretur
1741 2508 1907 2543 cambium
1921 2535 1930 2550 ,
1949 2509 1984 2543 δε
2002 2507 2048 2544 ita
2065 2506 2225 2553 procedat
2239 2533 2250 2549 ‚

1292 2558 1390 2605 quod
1415 2556 1528 2592 scribit
1551 2558 1678 2603 Bonins.
1706 2567 1876 2592 teneretur
1897 2556 1997 2592 etiam
2016 2554 2059 2589 ad
2075 2555 2253 2590 ulteriores

1292 2605 1501 2652 provisiones
1525 2615 1676 2651 utroque
1696 2603 1729 2638 in
1751 2604 1833 2640 loco
1846 2631 1856 2646 ‚
1875 2604 1987 2640 donec
2002 2602 2121 2639 fierent
2136 2615 2198 2650 pro
2215 2614 2254 2637 ea

1293 2653 1420 2689 cambia
1433 2681 1442 2695 ‚
1462 2654 1495 2687 ὅ(
1520 2652 1695 2688 recambia.

1342 2701 1436 2736 Hinc
1450 2701 1483 2735 in
1503 2701 1643 2736 civitate
1666 2700 1801 2734 Genuae
1820 2709 1894 2735 orta
1913 2698 2010 2745 super
2026 2698 2136 2742 fusto,
2153 2700 2251 2748 quod

1295 2749 1503 2796 posuisupra
1517 2751 1547 2795 ξ.
1559 2749 1744 2795 i.q.5.n.i6.
1763 2749 1797 2785 ὢ·
1813 2749 1869 2793 98.
1883 2748 2098 2792 controveifia
2109 2774 2118 2788 ‚
2139 2761 2179 2783 an
2192 2748 2252 2783 de-

1293 2800 1430 2833 beretur
1454 2809 1520 2832 una
1539 2808 1666 2832 tantum
1684 2796 1831 2842 provisio
1849 2823 1857 2837 ‚
1877 2797 1931 2830 vel
1955 2794 2038 2830 duae
2058 2822 2068 2836 ‚
2088 2796 2252 2831 dabantur

1294 2845 1590 2892 extrajudicialiter
1609 2843 1828 2890 infrascriptae
1841 2844 1984 2879 invicem
1999 2844 2178 2880 contrariae
2192 2842 2251 2879 sub

1294 2894 1491 2940 scriptiones
1512 2894 1609 2939 super
1628 2892 1715 2941 stylo
1742 2892 1845 2938 hujus
1868 2890 2079 2937 provisionis.

1343 2944 1485 2977 Antonio
1511 2942 1625 2977 chiede
1640 2942 1659 2976 ἀ
1678 2943 1788 2976 Pietro
1803 2943 1836 2974 in
1851 2941 1986 2974 Genava
1998 2966 2009 2982 ,
2036 2939 2093 2974 che
2117 2941 2144 2974 li
2154 2985 2158 2988 ι
2159 2943 2254 2988 sacci

1290 2994 1423 3040 piacere
1436 2990 1473 3023 di
1482 2989 1839 3034 accommodarliscudi
1853 2989 1957 3029 mille,
1968 3000 2023 3022 con
2033 2989 2131 3033 farne
2143 3000 2251 3024 tratta

1291 3050 1351 3087 pro
1356 3041 1419 3087 suo
1433 3049 1522 3072 conto
1537 3041 1569 3072 in
1586 3040 1752 3072 Piacenza
1768 3036 1849 3076 fiera
1866 3036 2031 3084 d’Agest0‚
2049 3036 2134 3070 dove
2138 3039 2177 3083 se
2191 3049 2252 3072 non

1286 3090 1436 3135 saranno
1450 3087 1495 3119 da
1511 3086 1567 3134 effo
1585 3087 1727 3133 corripui,
1739 3083 1770 3129 fi
1782 3096 1928 3119 contenta
1943 3083 2049 3119 debba
2064 3086 2252 3120 trattenerli

1286 3137 1389 3182 sopra
1403 3134 1524 3169 cambii
1543 3134 1580 3168 di
1595 3135 1762 3168 Piacenza
1779 3132 1798 3166 ἀ
1814 3133 1961 3174 Genava,
1979 3133 2014 3170 ό
2031 3132 2068 3166 di
2084 3133 2218 3170 Genava
2233 3133 2255 3173 ὰ

1296 3186 1462 3217 Placenza
1475 3209 1483 3223 ,
1502 3195 1589 3216 come
1600 3181 1622 3222 Ιὶ
1637 3181 1792 3215 dichiara
1805 3191 1863 3227 per
1877 3192 1940 3215 una
1953 3182 2022 3227 sua
2041 3182 2155 3226 poliza
2169 3207 2179 3222 ‚
2192 3192 2253 3228 per

1296 3232 1393 3278 quale
1412 3242 1568 3277 promette
1590 3230 1625 3264 di
1639 3230 1775 3277 pagarli
1793 3230 1827 3262 la
1847 3228 1940 3263 detta
1957 3231 2082 3275 partita
2097 3255 2106 3268 ‚
2128 3229 2252 3273 insieme

1296 3292 1352 3314 con
1362 3280 1460 3326 spese,
1475 3279 1587 3319 dauni,
1599 3280 1632 3313 (φ
1645 3277 1865 3323 intereffe,fino
1876 3277 2039 3310 all’inrero
2046 3288 2251 3324 pagamemo.

1346 3322 1454 3361 Pietro
1466 3353 1475 3367 ‚
1490 3337 1548 3373 per
1568 3327 1814 3360 accommodare
1834 3327 1972 3358 Antonio
1986 3325 2023 3359 di
2036 3324 2128 3358 detta
2144 3327 2252 3370 parti-

1298 3387 1334 3409 ta
1348 3401 1357 3415 ‚
1372 3375 1407 3408 la
1425 3377 1532 3423 piglia
1550 3374 1569 3409 ὰ
1583 3374 1709 3409 cambio
1725 3373 1771 3406 da
1787 3373 1938 3407 Giacomo
1953 3385 2011 3419 per
2026 3371 2109 3413 fiera
2124 3373 2252 3420 d'Ago-

1297 3424 1339 3470 sto
1353 3449 1363 3463 ‚
1383 3423 1420 3456 al
1437 3423 1531 3469 quale
1548 3435 1586 3456 ne
1599 3424 1645 3469 fa
1665 3432 1771 3455 tracta
1790 3433 1848 3468 per
1869 3432 1956 3455 conio
1979 3420 2015 3454 di
2035 3420 2091 3467 effo
2115 3421 2221 3454 Pierro
2240 3444 2253 3463 ,

1298 3471 1480 3519 egl’ardma
1497 3497 1506 3512 ,
1524 3471 1581 3504 che
1601 3483 1660 3505 non
1678 3469 1797 3516 effenclo
1811 3470 1856 3502 da
1872 3470 1919 3502 lui
1931 3468 2196 3515 sodiffatta‚gli
2215 3481 2255 3502 ne

1300 3520 1406 3554 debha
1419 3518 1484 3552 dar
1497 3518 1709 3564 debitosbpra
1724 3517 1761 3550 di
1775 3518 1822 3550 lui
1836 3529 1891 3550 con
1909 3517 2118 3561 rivalersene
2133 3515 2256 3560 insieme

1301 3580 1358 3603 con
1375 3568 1405 3600 le
1417 3569 1511 3613 spese
1526 3567 1572 3599 da
1598 3567 1654 3613 effa
1679 3568 1785 3599 Pietro
1800 3591 1809 3604 ,
1836 3567 1870 3602 (ff
1896 3564 1955 3602 cosi
1972 3562 2154 3610 effequitjsce
2168 3589 2179 3606 ‚
2197 3575 2257 3598 non

1301 3614 1420 3662 effendo
1441 3615 1486 3647 da
1506 3616 1607 3647 Anto.
1621 3613 1740 3647 -datali
1753 3613 1998 3659 sociirsauione.

1352 3664 1444 3712 Paga
1451 3665 1506 3710 poi
1521 3663 1627 3696 Pietro
1637 3663 1657 3697 ὰ
1671 3661 1754 3694 Gemi
1762 3673 1804 3695 tva
1819 3661 1853 3694 la
1865 3661 1958 3694 detta
1966 3658 2258 3739 partitaffb‘jagno

2177 3718 2193 3738 e
2217 3717 2268 3739 uo·

2277 1395 2317 1428 16

2292 2715 2332 2750 Ι7
