2400 3939
366 211 416 275 §.
449 205 528 267 V.
564 203 731 266 Glos.
789 204 865 263 ῙῙ.
913 206 976 265 δε
1012 200 1138 262 ’ῙῙῘ.
1183 204 1249 264 δί
1285 208 1334 273 §.
1371 213 1412 266 I.
1459 197 1638 260 Gloff.
1681 199 1804 259 VI.

109 298 238 335 dicitur
252 297 351 333 etiam
369 296 528 343 vigesima
545 308 618 343 pars
636 295 731 330 librae
745 306 860 329 aureae
873 319 882 335 ,
906 294 1000 343 quiae
1015 304 1071 328 ne-

109 348 298 395 gotiatores
320 345 452 380 scutum
475 345 703 385 marcharum,
730 344 765 378 &
796 343 911 376 libram
936 353 1071 376 auream

99 398 144 430 jn
162 394 366 434 ratiociniis,
394 392 529 427 sumunt
554 404 616 438 pro
631 392 775 432 eodem,
801 400 840 425 ut
856 390 923 424 dixi
936 391 972 425 d.
982 389 1070 438 glrff.

110 455 142 478 n.
160 446 211 478 16.
247 443 403 485 Quartus
423 440 550 475 dicitur
575 439 673 474 eriam
693 438 821 473 solidus
845 437 944 473 fistus
958 465 968 481 ,
998 448 1072 486 quo

107 501 257 530 ,utuntur
280 488 477 524 Genuenses
491 516 501 531 ,
526 489 606 522 dum
633 487 763 523 faciunt
782 487 909 522 cambia
925 514 934 527 ‚
964 488 998 522 ὅ(
1020 496 1071 520 re-

100 538 239 578 cambia
264 537 295 572 in
318 537 461 573 civitate
487 538 647 576 Genuae,
679 534 848 582 fingentes
870 534 1002 578 scutum
1013 535 1070 570 so-

97 586 256 622 -lid0rum
275 587 331 620 68.
349 597 410 632 pro
433 584 534 619 scuto
556 583 764 618 marcharum
779 610 788 625 ,
814 584 848 618 &
866 584 910 617 ex'
927 583 990 627 isto
1009 582 1071 617 fin-

96 642 198 682 Tgunt
218 646 284 670 tres
301 634 400 668 libras
419 635 454 668 δι
471 632 530 668 [01.
553 634 585 669 8.
603 643 747 673 aureos,
766 640 806 666 ut
821 630 890 666 dixi
916 631 951 669 d.
968 632 1070 678 quaest.

117 693 147 730 5.
165 695 195 718 n.
213 695 268 730 55.
287 683 322 720 (7
337 682 371 717 d.
408 683 432 719 l.
448 694 479 727 3.
500 679 531 716 ti.
547 684 599 717 16.
619 681 654 716 ό
670 691 727 726 ⁴¹7·

159 730 325 766 Secundo
346 742 364 764 e
412 729 622 770 notandum,
646 726 744 775 quod
766 726 964 771 Genuenses
980 726 1069 762 ficut

109 780 143 816 in
158 780 298 814 civitate
324 779 462 813 Genuae
481 778 628 813 valorem
656 776 742 811 scuti
763 775 879 816 aurei,
900 773 956 810 seu
982 787 1066 810 mar-

110 829 249 863 charum
271 828 304 860 in
328 826 472 873 negotio
491 826 697 860 cambiorum
719 835 781 870 pro
804 823 962 863 nundinis
990 823 1067 857 fiste

109 875 327 911 constituunt
353 876 386 909 in
413 874 471 910 sol.
489 875 546 908 68.
566 873 621 907 seu
639 872 730 907 libris
753 873 878 914 tribus,
909 872 943 906 &
957 870 1062 907 sol.8.

109 923 288 958 constante
314 923 467 972 qualibet
490 923 574 956 libra
605 933 646 956 ex
667 920 782 955 solidis
810 933 864 954 20.
889 919 935 956 ita
965 921 1063 955 etiarn

103 969 140 1006 in
166 971 325 1012 cambiis,
357 972 390 1006 &
408 970 583 1006 recambiis
609 982 650 1004 ex
676 969 789 1003 reditu
815 968 1035 1004 nundinarum
1051 994 1061 1009 ,

63 1043 75 1061 ς
106 1020 205 1068 quod
218 1020 403 1068 lucrantur,
419 1019 503 1054 illud
518 1029 645 1065 augent
659 1017 691 1051 in
701 1028 843 1052 numero
861 1016 1060 1058 solidorum,

104 1068 153 1104 ita
169 1077 209 1105 ut
222 1068 244 1103 fi
258 1069 292 1103 in
307 1080 444 1103 centum
461 1067 564 1102 scutis
580 1069 752 1101 lucrentur
765 1076 902 1100 centurn
923 1063 1060 1107 solidos,

106 1119 317 1152 constituant
340 1118 471 1152 scutum
489 1115 672 1150 solidorum
691 1117 749 1157 69.
777 1115 811 1148 δι
826 1114 870 1149 fic
885 1113 988 1150 habes
1003 1126 1059 1149 ex-

109 1165 330 1212 plicationem
348 1166 546 1204 verborum,
568 1164 586 1197 ὰ
605 1163 665 1208 fol.
686 1165 741 1206 69.

157 1209 282 1248 Temo
308 1212 355 1247 est
373 1213 561 1248 notandum
579 1239 588 1251 ‚
611 1210 711 1258 quod
732 1210 950 1252 Genuenses,
983 1222 1061 1246 cum

106 1258 141 1294 in
166 1262 305 1296 calculis
327 1272 491 1296 remaneat
514 1259 584 1293 fere
603 1259 730 1305 semper
754 1270 912 1293 numerus
934 1258 1059 1294 solido-

89 1318 205 1347 'rum‚
242 1322 311 1345 non
336 1309 516 1344 ascendens
545 1309 587 1342 ad
619 1308 746 1342 solidos
777 1308 833 1341 68.
864 1319 903 1341 ex
931 1309 1060 1354 quibus

105 1356 338 1393 conficeretur
359 1358 496 1397 sentus,
525 1356 602 1390 illos
625 1356 751 1391 solidos
775 1356 932 1390 restantes
958 1357 1059 1391 redu-

105 1417 188 1440 cunt
214 1406 255 1440 ad
286 1407 472 1441 breviorem
490 1417 662 1439 numerum
681 1431 690 1444 ,
726 1404 963 1438 ratiocinantes
977 1415 1059 1440 tunc

103 1453 214 1488 inillis
232 1455 344 1488 solidis
366 1453 564 1488 restantibus
583 1451 714 1487 scutum
743 1465 809 1486 non
827 1452 858 1485 in
872 1451 985 1486 solid-is
1000 1455 1058 1487 68.

92 1513 207 1548 :prout
226 1503 415 1538 ratiocinati
434 1501 519 1540 sunt,
536 1501 675 1549 quando
685 1512 722 1534 ex
737 1501 783 1534 eis
805 1501 1056 1536 constituerunt

93 1549 260 1591 scutum,
291 1550 344 1584 sed
366 1551 398 1584 in
420 1550 533 1584 solidis
552 1563 607 1583 20.
627 1551 659 1584 &
680 1548 843 1595 proinde,
873 1548 894 1582 fi
912 1560 1056 1584 remane-

105 1610 178 1634 rent
200 1598 295 1634 solidi
321 1612 373 1646 33.
394 1599 469 1634 ilios
492 1599 696 1632 reducerent
720 1597 762 1632 ad
787 1597 845 1631 sol.
864 1609 899 1639 9.
925 1597 1001 1632 den.
1022 1610 1054 1640 9.

104 1657 144 1680 ut
164 1646 350 1694 dixisapra
371 1648 473 1694 quaest.
494 1657 523 1692 5.
552 1659 637 1681 num.
665 1658 717 1691 57.
741 1646 881 1692 hocque
909 1657 1056 1680 utuntur

103 1696 286 1730 ratiocinio
301 1722 310 1737 ‚
344 1696 418 1730 ilios
434 1695 558 1730 solidos
579 1693 736 1728 restantes
751 1692 911 1729 dividunt
928 1693 960 1728 in
982 1706 1055 1740 par-

103 1745 155 1778 tes
178 1743 364 1779 solidorum
387 1744 440 1779 68.
463 1745 496 1778 &
516 1754 624 1790 quota
642 1742 687 1776 est
705 1742 758 1776 illa
781 1753 855 1788 pars
873 1743 906 1776 in
923 1742 981 1777 sol.
997 1746 1052 1778 68.

102 1803 165 1838 pro
191 1803 281 1826 tanta
307 1793 405 1827 etiarn
430 1791 565 1825 sumunt
587 1791 620 1825 in
647 1790 707 1825 sol.
728 1803 783 1825 20.
810 1792 842 1825 ὅ(
865 1791 1008 1837 proinde
1031 1792 1055 1826 fi

101 1838 198 1874 solidi
225 1841 382 1875 reflantes
402 1839 505 1876 effent
522 1852 573 1880 17.
596 1839 654 1887 ipsi
673 1851 885 1874 numerarent
904 1839 980 1874 illos
993 1853 1056 1886 pro

95 1887 215 1923 solidis
238 1888 410 1937 quinque,
436 1889 515 1937 quia
535 1888 595 1922 sol.
618 1901 667 1935 ¹7·
689 1887 721 1921 in
738 1886 797 1922 sol.
817 1888 872 1924 68.
890 1888 936 1922 est
957 1900 1055 1935 quar-

102 1948 137 1972 ta
160 1949 255 1983 pars,
282 1940 315 1972 δε
342 1949 460 1985 quarta
481 1949 555 1984 pars
575 1936 759 1972 solidorum
779 1949 833 1970 20.
862 1935 935 1972 sunt
959 1937 1056 1972 solidi

103 1986 281 2032 quinque,
322 1986 412 2020 unde
436 1985 530 2020 solidi
556 1985 736 2023 restantes,
775 1984 834 2018 etsi
865 1983 969 2020 effent
999 1988 1053 2034 67.

105 2044 280 2079 nunquam
302 2033 438 2079 possunt
460 2045 543 2069 tunc
566 2032 743 2068 ascendere
762 2032 805 2066 ad
827 2032 885 2066 [οἰ.
901 2046 957 2067 20.

3 2080 5 2088 ¹
71 2084 90 2107 ²
156 2081 249 2116 Haec
271 2082 518 2122 numismatum,
543 2083 577 2116 ὃς
595 2081 845 2117 ratiociniorum
858 2080 932 2115 fieta
945 2083 1056 2118 diver-

98 2128 173 2165 ficas
187 2155 196 2170 ,
218 2130 300 2165 ficut
320 2130 420 2165 habet
440 2124 593 2166 difficiles
608 2129 924 2177 aequivocationer,
946 2136 991 2165 ita
1008 2132 1055 2168 la·

95 2189 223 2213 tentem
246 2179 346 2214 habet
370 2179 598 2215 inventionem
631 2178 674 2214 ad
709 2177 912 2226 palliandum
940 2179 1054 2223 lucra,

99 2238 182 2274 quae
197 2226 328 2273 peffent
345 2227 451 2261 videri
478 2227 607 2263 illicita.

100 2343 1044 2354 ————-———-----—-——.-———

411 2425 447 2474 ς.
484 2435 520 2477 5.
551 2419 681 2463 Gloss‘.
719 2435 758 2478 3.

163 2535 205 2577 In
219 2534 335 2592 scudi
357 2536 548 2593 cl'argento
561 2568 571 2586 ,
604 2537 785 2596 conforme
800 2540 842 2582 al
857 2540 1000 2581 decreto

338 2595 400 2635 del
422 2597 640 2650 Sereniffimo
663 2598 811 2638 senato.

359 2710 797 2746 SUMMARIA.

101 2803 192 2838 Senti
205 2807 352 2853 argentei
369 2805 485 2839 Genuae
504 2806 622 2853 poffunt
637 2806 969 2856 ibisblviproscutis
991 2822 1050 2844 au-

151 2855 216 2887 reis
233 2856 268 2887 in
283 2855 496 2902 negotiatione
512 2854 712 2889 cambiarum
728 2882 736 2895 ,
755 2868 786 2889 n.
813 2867 841 2890 1.

102 2903 216 2934 Scarus
235 2913 407 2950 argenteus
433 2902 600 2948 GenuenJis
637 2905 812 2949 aequivalet
834 2906 932 2952 scuto
954 2918 1054 2941 aureo

152 2952 288 2997 quinque
295 2952 502 2998 stamparum
517 2975 525 2990 ‚
541 2962 572 2984 n.
596 2964 624 2984 x.
643 2953 676 2988 (sy
694 2964 726 2987 2.

71 3063 84 3086 ι
106 3044 186 3133 IN
203 3058 267 3081 tarn
293 3058 416 3092 magno
436 3057 577 3081 nurnero
600 3047 818 3093 pecuniarum
833 3074 843 3090 ‚
870 3059 955 3095 quas
978 3051 1051 3086 Ge-

150 3094 286 3130 nuenses
306 3095 526 3141 negotiantur
551 3097 686 3131 Genuae
711 3097 743 3130 in
767 3097 930 3138 cambiis,
962 3098 1051 3133 diffi-

102 3144 168 3177 cile
192 3144 235 3177 ess
259 3143 389 3178 solvere
408 3143 550 3189 fingulas
576 3146 713 3190 partitas
736 3144 768 3177 in
790 3143 892 3181 scutis
917 3147 1050 3190 aureis,

99 3193 134 3227 δι
159 3202 338 3237 propterea
362 3192 506 3226 Senatus
528 3191 616 3225 iilius
641 3191 858 3238 Reipublicae
883 3193 1049 3237 decrevit,

98 3249 138 3273 ut
162 3239 285 3274 solutio
309 3238 381 3273 fieri
409 3238 504 3285 poffit
528 3239 560 3273 in
585 3239 685 3274 scuris
707 3241 876 3286 argenteis
899 3242 1050 3288 ejusdem

97 3286 292 3334 Reipublic.
324 3299 400 3322 cum
424 3287 557 3321 illorum
583 3289 759 3323 scutorum
780 3289 933 3337 quinque
954 3291 1051 3326 stam-

99 3347 239 3383 parum,
269 3348 341 3370 nam
365 3336 478 3370 scutus
508 3347 688 3382 argenteus
717 3335 806 3370 illius
833 3337 1049 3385 Reipublicae

98 3384 145 3418 est
169 3383 328 3431 ponderis
354 3384 455 3418 unius
479 3384 591 3418 unciae
612 3411 622 3426 ,
664 3384 876 3420 denariorum
903 3386 1022 3422 decem
1038 3414 1048 3431 ,

98 3444 279 3478 granorum
305 3431 449 3479 viginti,
474 3435 507 3467 δε
530 3433 684 3480 quinque
705 3433 848 3480 partium
867 3445 906 3468 ex
929 3434 983 3470 sex
1004 3437 1049 3471 al-

43 3490 46 3494 ’
101 3481 204 3515 terius
220 3492 314 3526 grani
334 3507 342 3519 ‚
366 3478 517 3527 ideoque
535 3492 610 3514 eum
625 3479 860 3517 aeflimantlib.
879 3494 914 3525 4.
928 3484 962 3519 ὅ(
986 3483 1048 3520 sol.

66 3543 85 3564 2
107 3540 160 3563 ιο.
178 3530 204 3574 †
223 3530 257 3564 &
283 3529 426 3564 totidem
453 3528 617 3564 aestimant
644 3530 775 3564 scutum
799 3541 935 3565 aureum
960 3532 1049 3580 ejusl-

100 3575 177 3609 dem
195 3575 414 3624 Reipublicae
437 3577 518 3612 item
545 3589 683 3613 aureum
704 3577 892 3625 Hispanum
907 3605 918 3620 ,
953 3580 1047 3617 Nea-

101 3623 308 3670 politanum,
334 3625 508 3662 Venetum
533 3628 567 3662 &
590 3625 846 3668 Florentinum,
874 3638 951 3663 cum
972 3629 1049 3677 qui-

98 3672 184 3707 libet
206 3672 320 3709 sentus
341 3674 474 3710 istarum
493 3675 649 3724 quinque
669 3675 865 3723 stamparum
888 3676 928 3712 fit
949 3677 1047 3712 boni-

87 3722 177 3757 tatis
202 3736 255 3758 ιι.
277 3724 484 3763 ςετεᾶοτιιπι
498 3752 507 3767 ,
535 3726 569 3761 &
587 3726 714 3773 septem
734 3725 879 3772 partium
903 3738 943 3761 ex
966 3725 1047 3762 octo

1979 217 2083 270 425

1120 292 1260 329 alterius
1285 293 1406 328 carasti
1423 320 1430 332 ,
1457 294 1489 327 ὃς
1506 291 1542 326 fit
1557 290 1720 337 ponderis
1739 289 1841 324 trium
1860 288 2086 332 denariorum,

1121 342 1224 376 unius
1251 342 1345 387 grani
1363 348 1386 382 ‚'
1405 342 1437 374 &
1465 338 1578 375 tertiae
1603 339 1708 384 partis
1733 336 1870 372 alterius
1898 339 2018 384 grani,
2048 347 2087 372 ut

1121 389 1267 425 habetur
1297 390 1330 423 in
1355 389 1467 424 edisto
1487 414 1496 427 ‚
1539 385 1594 419 seu
1622 386 1716 420 crida
1740 386 1901 433 genuensi
1935 396 2086 421 moneta-

1121 448 1194 472 rum
1210 464 1220 478 ,
1245 429 1379 473 &huic
1405 428 1991 479 decretocorrespondetj'nssirutio
2015 446 2086 468 car-

1123 485 1235 520 tularii
1261 482 1433 520 scutorum
1452 481 1662 518 cambiorum
1678 509 1687 522 ,
1717 482 1760 515 de
1775 478 1851 528 'qna
1873 481 2083 525 institutione

1122 534 1326 569 mentionem
1351 532 1416 568 feci
1443 533 1532 578 infra
1549 531 1581 576 ξ.
1598 542 1630 577 7.
1644 529 1692 578 ΕΖ..
1719 542 1749 574 3.
1762 528 1829 574 sub
1847 540 1933 575 num.
1956 541 1985 572 3.
2003 542 2083 564 ver-

1120 580 1173 622 sic.
1203 593 1375 630 quartum,
1408 582 1442 615 ὃς
1459 576 1580 625 ἰπᾴυᾶ
1603 589 1747 622 moneta¹
1761 573 1845 628 [olyi
1862 575 1968 627 ¹possit
1986 577 2082 623 debi-

1121 639 1193 665 turn
1216 629 1423 666 cambiorum
1449 629 1481 661 iu
1511 626 1654 674 civiiate
1672 624 1867 669 Bononiae,
1899 623 1945 657 est
1969 625 2082 672 dispo-

1120 674 1230 717 fitum‘
1244 680 1278 711 in
1298 679 1400 724 capit.
1421 676 1514 710 diffae
1529 675 1684 709 civitatis
1708 672 1883 722 capit-she
1905 685 1965 720 per
1978 674 2006 707 -li
2015 683 2081 720 pa-

1120 735 1283 774 gamenn.

1123 789 2066 916 &amnemamnem

1438 972 1473 1020 ς.
1505 984 1547 1011 1.
1565 962 1696 1015 G10ff,
1724 965 1764 1009 6.
1970 984 1973 993 »

1184 1083 1306 1140 1613.
1325 1083 1350 1125 ὰ
1370 1098 1439 1127 20.
1469 1085 1704 1134 Novembre‚
1733 1086 1772 1124 in
1792 1083 1952 1124 Genova
1961 1082 2079 1139 scudi

1123 1153 1214 1182 101.
1250 1155 1290 1197 9.
1309 1141 1361 1185 (θ’
1381 1156 1422 1199 9.
1443 1144 1487 1183 de
1510 1143 1672 1186 marche.

1175 1205 1215 1240 A
1227 1203 1446 1256 pagamenti
1461 1200 1610 1258 difiera
1626 1200 1790 1256 proffimo
1813 1198 2074 1255 de'apparitio-

1115 1272 1160 1298 ne
1178 1255 1319 1315 pagate
1333 1270 1401 1314 per
1430 1260 1555 1318 questa
1582 1260 1707 1316 prima
1731 1258 1770 1297 di
1796 1258 1938 1297 cambio
1969 1259 1993 1297 d
2010 1261 2074 1298 voi

1103 1314 1231 1372 stesso,
1268 1313 1356 1357 dyc.
1376 1329 1507 1374 ponere
1528 1316 1552 1356 ἁ
1573 1318 1643 1356 mio
1665 1329 1791 1363 conto,
1816 1313 1841 1355 ὰ
1859 1316 1953 1355 Dio.

1463 1375 1502 1414 A
1530 1376 1592 1414 voi
1600 1371 1721 1433 flesto.

1369 1476 1806 1526 SUMMARJA

1112 1598 1146 1633 A
1169 1600 1226 1637 voi
1239 1601 1336 1637 stesso
1347 1629 1356 1643 ,
1369 1604 1448 1650 sunt
1460 1602 1566 1638 verba
1579 1601 1709 1636 diretta
1725 1600 1850 1643 eidem,
1865 1603 1920 1635 cui
1934 1599 2066 1638 direffae

1150 1651 1229 1696 fiant
1243 1650 1345 1685 literae
1360 1651 1493 1692 cambii,
1510 1663 1542 1684 n.
1558 1662 1585 1684 ι.

1110 1695 1256 1744 Recursae
1273 1699 1436 1734 cambium
1452 1711 1496 1734 an
1505 1698 1549 1744 fit
1567 1697 1683 1742 fiHum
1698 1723 1708 1738 ‚
1730 1697 1766 1734 &³
1783 1697 1940 1733 illicitum
1951 1723 1962 1738 ‚
1987 1708 2019 1732 n.
2032 1708 2065 1733 2.

1158 1746 1276 1829 Θέας.
1295 1758 1352 1781 21.
1369 1747 1505 1795 &seqq.
1523 1759 1579 1794 57.
1609 1745 1752 1793 &seqq.
1781 1749 1838 1781 60.
1863 1746 2008 1793 ὄρη.
2028 1746 2064 1783 &⁹

1163 1805 1194 1827 n.
1236 1807 1264 1838 3.

1110 1838 1253 1888 Recursae
1268 1843 1431 1878 cambium
1454 1843 1623 1885 admittit,
1654 1853 1782 1877 munus
1797 1841 1991 1880 contrahens
2013 1855 2066 1877 re-

1156 1892 1323 1937 praesentet
1339 1893 1481 1926 alterum
1494 1917 1504 1933 ,
1527 1904 1558 1925 n.
1574 1904 1607 1938 7.
1625 1901 1679 1936 25.
1697 1890 1731 1927 (θ’
1749 1903 1808 1938 97.
2052 1924 2055 1926 .

1109 1935 1257 1984 Recursae
1272 1940 1435 1974 cambium
1451 1951 1524 1988 quot
1541 1941 1685 1988 implicet
1694 1939 1890 1982 contraflus,
1898 1939 1962 1988 sub
1970 1940 2027 1975 n.6
2031 1952 2064 1975 0.

1111 1982 1256 2034 Recursae
1271 1988 1432 2022 cambium
1448 1989 1583 2023 videtur
1597 1987 1717 2022 habere
1720 1989 1914 2034 solutionem
1926 1987 2043 2030 fistam
2053 2013 2063 2028 ,

1158 2046 1259 2071 n.,10.
1282 2038 1324 2070 Et
1340 2037 1477 2071 videtur
1497 2040 1659 2084 iniquius,
1676 2036 1964 2083 quamstocchum,
1983 2050 2015 2072 n.
2033 2036 2065 2069 8.

1159 2083 1225 2117 Sed
1241 2087 1304 2120 imo
1322 2085 1365 2131 est
1380 2086 1565 2120 contraibis
1582 2085 1703 2131 justus,
1721 2097 1752 2118 n.
1768 2095 1825 2129 73.

1110 2127 1256 2179 Recursat
1267 2133 1436 2168 cambium
1451 2137 1484 2167 in
1503 2134 1616 2179 effeHu
1630 2132 1766 2168 videtur
1776 2142 1836 2178 pro
1851 2133 1963 2167 eodem
1977 2131 2046 2167 loco
2055 2156 2066 2173 ,

1157 2190 1187 2214 n.
1210 2179 1263 2214 18.
1288 2182 1511 2223 Contrarium,
1530 2194 1563 2217 n.
1582 2183 1638 2226 83.

1108 2224 1256 2274 Recursae
1280 2231 1443 2265 cambium
1469 2242 1529 2264 non
1542 2239 1670 2278 gravat
1698 2231 1918 2276 campsarium
1938 2228 2066 2264 debito-

1145 2286 1247 2369 Jrfgn,
1267 2289 1298 2311 n.
1314 2290 1374 2321 40.
1389 2277 1424 2314 (β’
1431 2280 1503 2326 seq.
1529 2280 1654 2327 ,Quave
1672 2279 1798 2312 ratione
1810 2278 1854 2326 fit
1874 2277 2063 2326 expediens,

1169 2337 1190 2357 u
1227 2337 1258 2358 n.
1277 2327 1333 2370 69.
1356 2327 1390 2364 (θ’
1419 2340 1436 2359 e
1460 2354 1468 2363 .

1106 2370 1255 2464 Recugsae
1274 2328 1561 2421 cambiisinqtereffe
1588 2386 1651 2409 non
1679 2373 1812 2409 deberet
1826 2374 2006 2421 procedere
2029 2378 2064 2410 in

1154 2422 1188 2453 in
1214 2424 1315 2457 nitum
1329 2450 1337 2464 ,
1359 2422 1496 2471 &asub
1511 2434 1543 2459 n.
1558 2423 1614 2468 83.

1108 2468 1277 2504 cambium
1292 2473 1422 2521 quando
1447 2470 1607 2505 videatur
1630 2481 1790 2513 mutuum,
1806 2483 1837 2505 n.
1848 2483 1884 2516 9.
1911 2472 1957 2506 Et
1975 2471 2061 2520 quod

1157 2527 1218 2551 non
1234 2519 1271 2560 fit
1283 2546 1292 2561 ,
1315 2534 1346 2554 n.
1409 2545 1416 2554 .

1111 2563 1279 2602 Camhium
1294 2570 1338 2615 est
1353 2532 1468 2615 Zn‘iptio
1480 2595 1491 2612 ,
1510 2568 1546 2606 &
1567 2567 1717 2604 venditio
1728 2593 1740 2610 ‚
1748 2568 1813 2615 sub
1828 2581 1860 2603 n.
1874 2580 1892 2603 2
1903 2579 1932 2603 1.

1111 2612 1245 2648 cambia
1254 2615 1341 2660 fiunt
1351 2621 1451 2652 etiam
1460 2620 1546 2652 inter
1557 2621 1650 2652 viros
1658 2616 1741 2651 bonae
1749 2618 1954 2664 confiientiae,
1967 2629 2060 2663 n.55.

1107 2659 1314 2699 Litterarum
1329 2668 1404 2714 usus
1428 2666 1471 2709 cll
1490 2666 1538 2700 ad
1552 2666 1711 2712 absentes,
1735 2667 1769 2704 (εγ
1792 2677 1852 2700 non
1862 2664 1910 2699 ad
1925 2667 2063 2714 ftipfimz

1144 2711 1354 2762 scribentem,
1358 2714 1422 2761 fisb
1436 2727 1467 2750 n.
1482 2727 1514 2748 2.
1525 2715 1559 2751 &
1573 2727 1604 2749 n.
1620 2715 1676 2758 63.
1691 2712 1747 2747 ubi
1761 2713 1968 2748 declaratur.

1105 2755 1239 2795 Lttterae
1253 2762 1373 2798 cambii
1389 2765 1521 2808 recursae
1534 2762 1692 2797 videntur
1694 2760 1790 2805 fiflae,
1796 2762 1863 2810 sub
1875 2773 1905 2795 n.
1915 2774 1928 2794 ι
1939 2775 1966 2795 1.
1980 2761 2060 2796 Ideo

1153 2818 1212 2841 non
1225 2810 1518 2858 admittendae,fiab
1531 2824 1562 2846 n.
1580 2824 1593 2845 1
1604 2822 1634 2857 ς.
1646 2813 1714 2845 Imo
1723 2822 1785 2844 non
1793 2812 1874 2858 sunt
1882 2808 1976 2852 fiae,
1991 2811 2058 2848 &c-

1153 2866 1184 2892 η.
1233 2860 1263 2893 6.
1282 2859 1316 2896 (9‘
1330 2860 1385 2894 81.

1103 2869 1252 2939 Lim-Za
1267 2908 1387 2942 cambii
1404 2908 1539 2955 recursae
1555 2907 1702 2942 creditor
1717 2906 1887 2954 praesentat
1905 2904 1959 2944 fibi
1982 2904 2058 2955 ipsi,

1149 2957 1348 3004 requiritque
1362 2957 1492 3003 aseipso
1505 2982 1516 2998 ,
1534 2961 1581 2990 ‘ut
1586 2956 1705 3002 solvat
1716 2982 1725 2997 ,
1752 2954 1786 2991 &¹
1803 2956 1869 3001 ipse
1879 2954 1988 2988 nolens
2001 2965 2059 2989 eas

1147 3013 1322 3049 acceptare
1335 3029 1344 3044 ,
1370 3005 1540 3050 respondet
1548 3003 1613 3047 fibi
1625 3004 1681 3051 ipsi
1689 3031 1699 3046 ‚
1734 3003 1769 3039 ἀπ’
1778 3003 1976 3049 protestatur
1990 3028 1999 3043 ,
2022 3014 2055 3036 n.

1150 3060 1209 3097 97.
1238 3052 1282 3084 Et
1300 3064 1363 3098 qua
1374 3053 1504 3098 forma,
1523 3065 1554 3086 n.
1573 3053 1630 3095 98.
1886 3052 1888 3054 ’

1102 3099 1238 3133 Locatio
1256 3099 1374 3134 bovum
1384 3099 1463 3144 fifle
1476 3111 1671 3149 emptorum,
1696 3098 1763 3136 ἐτι.
1783 3099 1827 3144 est
1841 3099 1966 3133 illicita
1978 3111 2010 3133 n.
2024 3110 2054 3144 3.

1104 3195 1236 3241 Emptio
1249 3198 1299 3229 rei
1311 3199 1450 3243 proprie
1465 3209 1525 3231 non
1538 3206 1643 3237 tenet,
1662 3208 1693 3230 n.
1713 3207 1749 3238 4.
1783 3196 1824 3229 Et
1838 3197 1992 3242 quomodo
2009 3207 2056 3231 te-

1153 3254 1240 3283 neat,
1256 3256 1285 3278 n.
1301 3246 1356 3287 64.
1370 3246 1416 3279 Et
1431 3244 1542 3291 quidsi
1551 3245 1716 3278 vendatur
1732 3256 1785 3278 res
1798 3244 1922 3285 aliena,
1940 3258 1973 3279 n.
1988 3255 2018 3289 5.

1104 3292 1251 3326 Mentem
1277 3293 1360 3341 legis
1388 3294 1570 3340 offendens,
1593 3292 1726 3338 offendit
1749 3292 1872 3341 legem,
1909 3294 1977 3330 (σε.
1990 3292 2058 3342 sub

1153 3353 1185 3374 n·
1208 3352 1219 3372 Ι
1232 3353 1242 3372 1
1252 3368 1259 3375 .

1104 3388 1222 3428 Aelio,
1251 3389 1285 3426 έν
1299 3388 1395 3436 paffio
1407 3389 1503 3436 stant
1521 3390 1554 3422 in
1570 3387 1696 3422 cambio
1715 3389 1851 3436 recursa
1863 3415 1874 3429 ,
1893 3400 1979 3424 num.
2002 3401 2055 3425 12.

1154 3437 1189 3473 (ς’
1213 3448 1269 3478 ²4-
1314 3440 1358 3471 Et
1377 3448 1486 3471 tamen
1510 3439 1543 3469 in
1572 3436 1685 3470 eodem
1716 3436 1776 3484 [ub
1793 3437 1939 3483 subjefio
1968 3437 2057 3481 stare

1151 3495 1211 3519 non
1226 3485 1345 3533 poffitnt
1359 3511 1371 3529 ,
1395 3486 1432 3520 d.
1456 3495 1487 3519 n.
1508 3496 1564 3527 24.
1599 3484 1645 3518 Et
1664 3485 1793 3531 quando
1811 3486 1921 3533 postint
1931 3487 2024 3532 stare
2042 3510 2053 3528 ‚

1152 3545 1183 3568 n.
1247 3557 1256 3566 .

1103 3544 1276 3617 ContrZia
1289 3594 1349 3616 non
1363 3582 1481 3629 possunt
1494 3579 1581 3624 flare
1594 3582 1628 3615 in
1638 3579 1752 3617 eodem
1758 3580 1903 3630 [κῦ]εὲἶο
1915 3607 1924 3622 ,
1946 3593 1976 3615 n.
1996 3591 2052 3623 24.
2107 3589 2114 3595 ·

1152 3631 1196 3664 Et
1212 3630 1340 3676 quando
1357 3630 1479 3676 poffint,
1497 3642 1526 3662 n.
1544 3643 1601 3678 77.

1099 3678 1239 3713 Debitor
1249 3677 1313 3723 fibi
1332 3678 1387 3725 ipsc
1409 3680 1480 3722 quis
1500 3678 1557 3726 effe
1574 3690 1634 3713 non
1644 3679 1762 3727 potest,
1789 3689 1821 3712 n.
1838 3690 1891 3714 η.

1095 3727 1233 3774 Iustitia
1250 3727 1295 3772 est
1317 3727 1364 3760 ad
1376 3726 1519 3761 alterum
1531 3753 1541 3768 ,
1567 3739 1598 3761 n.
1615 3739 1666 3764 η.

1683 3773 1748 3809 Nn
1783 3784 1801 3819 3
1948 3771 2049 3809 fimo
