2400 3939
17 1420 73 1452 ¹¹7

796 217 1196 279 5.11.G10s.111.

105 301 184 349 quia
196 310 273 335 curn
283 293 334 331 lex
356 293 470 330 debeat
485 293 689 340 interpretari
702 319 710 333 ‚
725 305 765 327 ne
779 293 917 327 alterum
944 293 1040 328 laedan
1055 318 1065 331 ,

105 354 216 396 §.juris
225 342 606 396 praeceptadnstihdaejnsti
620 343 798 388 &janlioc
809 342 955 377 edictum
972 355 1065 378 man—

105 399 217 434 dando
232 423 244 438 ,
256 394 370 431 servari
385 395 488 441 pretia
503 419 513 432 ‚
527 393 561 426 in
591 407 632 427 eo
646 405 750 428 taxata
764 418 774 432 ‚
789 391 944 439 supponit
958 406 994 427 ex
1009 406 1065 426 ne-

102 448 242 484 ceffitate
255 471 265 486 ‚
277 444 370 492 quod
387 457 485 477 nemo
502 455 540 476 ex
565 440 624 477 illo
657 444 762 489 pretio
775 442 892 487 injuste
907 443 1041 476 laedatur
1055 447 1068 476 ε’

102 496 209 533 sedin
236 493 308 531 casu
335 492 464 527 firmat-te
490 492 647 526 illationis
666 488 817 534 ,creditor
846 491 940 526 valde
970 491 1064 526 laeie-

100 559 199 586 retur,
214 545 292 592 quia
309 542 331 577 fi
352 542 448 577 vellet
461 567 471 582 ‚
486 554 522 576 ut
537 543 640 588 potest
652 567 663 581 ,
688 554 795 576 emere
809 567 817 580 ,
840 539 895 575 seu
910 541 1063 589 negocia-

100 598 129 631 ri
142 607 230 630 extra
262 595 379 628 statum
405 589 612 626 Genuensem
640 616 650 630 ,
676 604 744 624 non
771 591 967 637 expenderet
993 590 1063 625 scu-

101 657 169 681 tum
189 655 378 690 argenteum
398 655 458 689 pro
478 639 535 675 sol.
565 645 622 683 96.
645 653 684 674 ut
709 640 904 687 expenderet
936 640 1061 675 scutum

99 686 258 735 aureuni5
283 694 351 727 irno
375 692 528 726 etiam-in
547 689 700 725 dominio
729 690 890 725 Genuenli
918 704 983 725 non
1012 692 1063 723 in-

99 744 318 790 veniret‚qui
335 742 364 776 ei
384 754 508 775 tantam
522 753 664 774 mercem
692 739 782 774 daret
809 753 869 787 pro
898 739 988 775 scuto
1011 753 1063 774 ar-

98 807 219 843 genteo
232 820 241 831 ,
263 804 423 840 quantam
437 790 527 825 daret
541 802 603 836 pro
630 789 720 824 scuto
734 803 834 824 aureo
850 805 857 825 :
874 803 954 838 erg.)
979 790 1063 825 illud

98 844 243 878 edictum
269 855 337 875 non
359 841 461 887 potest
487 839 768 886 comprehendere
797 840 885 874 hunc
920 838 1028 874 casum
1053 864 1062 878 ‚

99 895 178 942 quia
195 892 322 927 laeierct
348 894 398 936 jos
413 915 422 930 ‚
451 893 486 924 δε
509 890 666 928 iustitiam
689 889 885 928 creditoris,
910 890 1062 938 cogendo

99 956 174 978 eum
189 942 230 976 ad
245 940 472 988 recipiendum
499 936 698 973 solutionem
713 940 748 973 in
773 939 836 974 alia
862 938 966 985 specie
989 965 998 978 ‚
1027 940 1062 973 in

99 1003 166 1028 uua
177 991 337 1026 damnum
362 1000 542 1036 pareretur,
568 987 627 1023 nifi
642 1002 711 1022 eam
740 989 945 1035 reciperetin
974 987 1063 1023 valo-

96 1030 133 1078 ·fe
148 1041 411 1087 currenti-qnare
425 1038 586 1086 loquitur,
603 1041 636 1072 δέ
653 1038 802 1084 procedit
818 1037 900 1073 ill-id
916 1038 1062 1072 edictum

97 1092 134 1127 in
145 1092 266 1126 caeteris
281 1103 298 1124 c
308 1089 417 1129 zsibus,
432 1090 467 1123 in
481 1087 606 1135 quibus
621 1101 691 1122 non
708 1087 891 1123 includitur
906 1088 971 1123 hoc
993 1090 1062 1122 evi-

97 1141 178 1176 dens
188 1141 363 1178 damnum,
377 1143 412 1176 ,δε
430 1138 588 1185 injustitia
603 1151 613 1174 ‚·
628 1142 662 1171 δε
677 1150 736 1172 nos
756 1151 890 1172 omnem
905 1139 1064 1185 interpre-

97 1192 259 1227 tationem
277 1189 432 1223 adhibere
448 1187 607 1221 debemus
625 1213 633 1226 ,
650 1200 685 1221 ut
698 1186 748 1221 lex
762 1189 974 1235 iniquitatem
992 1214 1000 1225 ‚
1030 1192 1063 1222 δι

97 1240 292 1288 injustitiam
309 1253 376 1273 uon
403 1238 571 1272 contineat
586 1252 593 1272 :
613 1237 758 1284 hincque
775 1237 918 1272 dicimus
933 1263 941 1279 ,
971 1237 1063 1286 quod

96 1288 264 1327 summum
279 1292 350 1336 jus,
371 1286 498 1323 summa
513 1287 635 1334 injuria
649 1313 660 1326 ,
674 1299 710 1321 ut
723 1287 791 1322 dixi
806 1294 831 1331 5.
844 1289 968 1335 praeced.
983 1303 1001 1336 q
1035 1302 1062 1322 1.

97 1353 183 1376 num.
207 1340 258 1374 ⁸8.

145 1387 374 1424 Confirmatut
400 1384 467 1420 haee
492 1385 659 1434 responsio
674 1415 684 1429 ,
708 1387 789 1422 dum
816 1388 858 1423 ad
883 1387 1062 1423 excluden-

97 1439 179 1475 dum
196 1439 354 1473 damnum
383 1437 557 1472 creiitons
577 1439 721 1473 dicimus
737 1463 747 1478 ,
776 1451 853 1473 eum
868 1451 934 1473 non
959 1438 1063 1473 teneri

96 1488 139 1526 ad
167 1488 391 1535 recipiendam
419 1499 588 1523 mov-etam
614 1490 650 1523 in
681 1487 794 1522 valore
823 1515 832 1528 ‚
874 1487 1029 1535 impolito
1047 1488 1065 1522 a

95 1541 250 1586 Principe
264 1564 274 1578 ,
285 1539 364 1586 quis
381 1537 417 1571 in
441 1535 602 1572 similibus
619 1537 762 1573 creditor
780 1550 849 1572 non
864 1550 994 1573 tenetur
1018 1551 1066 1572 rc-

98 1589 236 1636 cipere&
260 1588 410 1623 debitore
422 1599 590 1622 monetam
618 1603 627 1630 ς
649 1588 691 1623 de
711 1589 862 1634 proximo
887 1587 1066 1634 reproban-

99 1639 175 1674 dam
191 1640 224 1672 in
238 1637 349 1686 aliqua
364 1649 463 1683 parte,
478 1638 556 1685 qui-2
573 1663 582 1677 ‚
595 1637 615 1671 si
632 1638 729 1672 vellet
744 1650 780 1671 ea
794 1650 927 1673 moneta
938 1638 1068 1686 aliquid

101 1688 312 1723 &mercatore
337 1699 464 1725 emere,
485 1699 666 1725 mercatur,
696 1685 798 1721 scieris
826 1688 1001 1722 imminere
1028 1687 1069 1722 il-

101 1738 165 1773 lius
181 1739 339 1774 diminuti
358 1750 454 1774 mem,
467 1736 517 1772 vel
533 1737 665 1785 negabit
683 1735 800 1771 habere
814 1750 935 1772 merces
955 1763 963 1777 ‚
987 1751 1069 1785 quas

59 1826 63 1830 ,
102 1789 198 1836 petit,
218 1787 270 1823 vel
285 1789 392 1822 catius
407 1786 525 1821 vendet
542 1814 550 1827 ,
569 1800 604 1822 ut
619 1786 764 1834 sequitur
788 1789 902 1823 Neviz.
916 1789 994 1834 cons.
1012 1802 1069 1831 49.

19 1884 77 1921 118

6 2534 8 2539 .
22 2543 83 2579 m

7 2642 10 2686 l

103 1851 142 1873 ex
159 1836 342 1882 ducali.fiib
356 1851 437 1870 mim.
460 1842 509 1871 16.

156 1887 292 1922 Declara
319 1887 427 1933 primo
453 1885 592 1920 eandem
617 1885 801 1921 illationem
831 1911 841 1926 ,
866 1884 947 1919 dum
972 1885 1039 1920 dixi
1061 1911 1071 1925 ‚

103 1937 195 1986 quo-i
212 1937 357 1972 creditor
370 1935 538 1970 scutorum
565 1949 740 1971 aureorum
758 1948 827 1970 non
851 1937 982 1984 cogitur
1013 1948 1070 1970 ac-

102 1990 212 2035 cipere
228 1981 335 2021 sentos
363 1998 517 2033 argentos
533 2012 541 2024 ‚
554 1998 588 2020 ut
604 1987 758 2032 procedat
775 2014 786 2028 ,
803 1987 898 2020 etiam
930 1985 950 2020 si
975 1985 1069 2020 debi-

101 2049 174 2073 tum
190 2035 263 2071 effer
278 2049 427 2071 annuum
443 2040 475 2069 &
493 2035 623 2070 debitor
639 2050 698 2082 pro
718 2037 840 2082 primo,
856 2034 997 2070 secundo
1011 2063 1019 2075 ,
1035 2039 1069 2070 &c

103 2089 202 2123 tertio
224 2098 314 2121 anno
341 2085 479 2120 solviliet
508 2083 614 2120 scutos
631 2097 829 2134 argenteos;
856 2086 936 2131 quia
961 2086 1070 2121 adhuc

101 2137 248 2172 creditor
269 2137 304 2170 in
334 2132 544 2181 sequentibus
571 2134 791 2171 solutionibus
816 2133 917 2183 poffet
942 2134 1071 2170 debito-

104 2199 173 2222 rem
188 2199 307 2234 cogere
323 2185 362 2220 ad
376 2183 570 2220 solvendum
589 2186 622 2219 in
642 2184 737 2220 scutis
754 2187 860 2220 aureis
876 2198 932 2231 per
947 2198 1072 2232 eaquae

104 2236 147 2272 de
159 2236 271 2274 citato,
285 2236 343 2283 qui
357 2247 426 2269 non
443 2234 633 2281 opposuerit
650 2236 690 2269 dc
706 2235 794 2270 feriis
808 2237 841 2269 in
856 2234 928 2270 aliis
942 2235 1073 2270 citatio-

105 2286 203 2322 nibus
218 2311 228 2325 ,
242 2285 368 2320 secutus
384 2284 453 2319 sum
478 2289 509 2318 in
525 2299 588 2318 meo
601 2287 691 2318 mel.
722 2286 873 2330 dcjrdic.
898 2288 982 2329 caus.
1006 2288 1072 2321 c'rc.

105 2336 520 2387 lib.2.caep.5,num.168.&
541 2335 582 2369 de
598 2336 773 2383 citaro,qui
791 2333 886 2370 semel
899 2333 1003 2382 passus
1015 2337 1072 2376 est,

106 2385 138 2422 se
152 2399 208 2433 per
221 2384 412 2432 rescriptum
432 2385 648 2431 apostolicum
674 2386 758 2420 trahi
790 2384 872 2419 ultra
899 2385 980 2420 duas
1003 2384 1073 2421 die-

106 2447 155 2472 tas
169 2461 178 2473 ‚
192 2433 319 2470 securus
334 2434 403 2468 sum
420 2437 451 2466 iv
466 2447 527 2467 meo
542 2438 634 2469 trabi.
652 2435 690 2468 de
704 2437 852 2487 appellq.
873 2438 1072 2478 17.limit.⁶.

105 2484 214 2522 memb.
230 2485 317 2529 7fitb
327 2499 408 2520 num.
428 2485 483 2518 86.
499 2483 578 2530 ver-1¹⁰,
592 2485 802 2529 co1rfir7aatur.
1013 2484 1018 2495 ³

154 2536 228 2570 Nec
240 2535 343 2570 obstat
357 2561 363 2570 .
378 2534 470 2581 quoi
487 2535 522 2568 in
548 2536 682 2569 materia
697 2535 816 2569 valoris
843 2546 984 2571 monetae
999 2534 1073 2571 talis

106 2584 319 2634 praesumatur
335 2583 418 2619 facta
439 2584 608 2630 promiffio
627 2609 637 2624 ,
655 2585 762 2631 qualis
788 2584 971 2620 ostenditur
987 2584 1073 2621 facta

106 2634 232 2672 solutio
258 2659 269 2675 ,
296 2647 373 2669 cum
401 2633 492 2668 nulla
525 2634 621 2681 possit
642 2633 701 2668 effe
730 2634 848 2668 melior
876 2635 1052 2670 declaratio
1063 2662 1073 2676 ,

106 2698 210 2733 quam
223 2697 271 2719 ea.
292 2697 364 2731 qua:
380 2682 519 2718 (huntur
535 2698 573 2718 ex
588 2684 638 2718 his
654 2710 661 2721 ‚
676 2697 748 2732 quae
761 2685 870 2732 postea
882 2697 915 2719 re
933 2683 1000 2732 ipsa
1014 2712 1024 2726 ,
1040 2689 1073 2720 &

106 2734 214 2784 'ongo
231 2731 290 2768 usu
307 2733 424 2769 servata
442 2733 568 2774 sunt,ut
582 2732 728 2782 sequitur
746 2739 813 2770 Rot.
825 2734 942 2779 divers
954 2736 1073 2782 decisio.

92 2823 95 2825 Α
110 2790 220 2831 ‘offen
233 2787 341 2817 verius
358 2789 427 2825 760
443 2796 509 2817 curn
524 2786 607 2818 as'ias
621 2798 704 2822 num.
719 2797 743 2819 1.
760 2785 798 2820 (ᾗ
813 2787 881 2823 ι,ιή
897 2789 982 2820 Rom.
997 2798 1073 2835 pra·

107 2835 185 2882 tenfi
194 2833 309 2878 cenfias.
320 2847 391 2869 vnn.
414 2848 421 2866 i
434 2846 456 2868 1.
474 2834 658 2869 Decembris
690 2847 724 2879 ¹5
736 2836 793 2878 98.
806 2847 910 2869 cora-m
924 2838 962 2870 R.
976 2840 1013 2871 P.
1028 2839 1073 2872 D.

106 2888 214 2923 Orano
229 2888 313 2918 inter
333 2883 488 2929 impressas
510 2886 659 2925 Lugduni
669 2898 747 2919 anno
767 2889 806 2918 16
819 2899 826 2917 ι
839 2898 870 2919 2.

161 2935 253 2978 Quia
279 2930 483 2980 respondeo,
503 2933 770 2982 praesnmpriones
784 2960 794 2974 ,
818 2938 850 2969 δι
878 2933 1075 2969 declaratio-

108 2996 168 3019 nes
189 2983 306 3017 habere
319 2984 428 3017 locum
443 2985 477 3016 in
495 2997 528 3018 re
543 2984 693 3023 dubietur
705 2985 855 3031 loquitur
868 2985 1000 3022 Rotam
1014 2998 1074 3020 nos

111 3031 332 3080 supponimus
346 3032 454 3067 casum
469 3033 676 3069 clarissimum
694 3060 703 3074 ,
729 3036 763 3068 in
779 3046 849 3080 quo
862 3031 978 3068 celsant
995 3047 1072 3080 prae·

111 3081 362 3130 sumptiones&
380 3085 425 3116 ita
438 3083 566 3117 videtur
579 3083 690 3119 dixiffe
703 3084 770 3118 ead.
780 3083 967 3128 Rot.divers
980 3086 1074 3130 det-rs}

113 3135 183 3168 688
193 3146 268 3166 cum
282 3136 308 3166 S
309 3135 396 3165 iactus
411 3134 518 3178 versus
527 3134 624 3179 finem
638 3160 648 3174 ,
656 3133 714 3181 sub
727 3146 809 3168 num.
823 3131 914 3169 dibi,
933 3147 986 3167 nec
1004 3135 1075 3168 huie

106 3183 314 3229 sementiaea'n
327 3186 466 3217 Are-rina
481 3183 864 3229 peaetsivenaofebruarst
879 3184 957 3226 598.
971 3197 1074 3218 coram

117 3236 155 3268 R.
173 3237 209 3268 P.
227 3236 269 3267 D.
287 3235 378 3265 Lista
391 3236 474 3266 inter
487 3233 606 3277 eafilcm
618 3234 774 3283 imprcffar
789 3234 948 3278 Lugduni.

34 3301 97 3330 ²20
153 3280 446 3323 Declarassecundo
472 3284 579 3326 (dum
597 3283 665 3317 dixi
693 3309 703 3324 ,
727 3282 909 3316 debitorem
938 3279 998 3317 esse
1021 3295 1076 3317 co-

54 3369 64 3385 ς

121 3333 265 3376 gendum
279 3331 320 3366 ad
337 3330 529 3366 solvendum
545 3331 671 3379 praecise
697 3335 732 3367 in
753 3343 886 3366 moneta
901 3332 1010 3367 debita
1028 3357 1037 3371 ,
1056 3331 1076 3367 fi

52 3407 70 3426 ·.
120 3371 209 3417 illam
231 3381 326 3428 possit
341 3381 458 3415 habere
475 3406 483 3420 ,
497 3381 623 3429 alioqui
639 3384 672 3418 in
687 3381 894 3430 :equivalenti
913 3388 921 3425 )
938 3394 973 3416 ut
998 3381 1017 3415 fi
1042 3382 1078 3417 lit

119 3432 250 3468 debitor
267 3429 431 3465 scutorum
447 3432 517 3464 auri
534 3433 567 3466 in
581 3445 661 3466 auro
677 3433 774 3467 ltaliae
792 3456 800 3470 ,
817 3436 850 3464 ὅ(
866 3433 943 3466 velit
959 3431 1082 3467 solvere

121 3482 154 3515 in
165 3481 282 3528 -rluplis
296 3482 365 3514 auri
382 3482 416 3514 in
429 3494 510 3514 auro
525 3481 634 3520 Italiae,
654 3481 781 3516 dicatur
800 3480 920 3516 solvere
934 3482 968 3515 in
984 3479 1081 3517 scutis

120 3532 190 3565 auri
203 3532 238 3565 in
248 3543 330 3564 auro
343 3556 350 3567 ,
366 3534 399 3564 δέ
422 3531 566 3565 creditor
590 3531 681 3566 illam
708 3531 911 3566 solutionem
940 3531 1086 3567 recusare

117 3591 191 3616 non
206 3581 320 3628 potest:
335 3583 368 3615 &
385 3581 403 3616 ὲ
417 3579 579 3618 convcrso
592 3606 603 3622 ,
617 3580 638 3615 fi
652 3607 664 3622 ,
688 3580 918 3617 deficientibus
930 3580 1086 3631 simplici·

1986 235 2002 278 3
2023 235 2046 264 2
2060 239 2088 280 9

1125 292 1186 328 bus
1205 290 1301 325 scutis
1319 290 1387 323 auri
1407 290 1440 323 in
1456 301 1538 323 auro
1550 315 1559 328 ‚
1586 289 1681 335 possit
1702 289 1818 324 habere
1841 287 1955 337 duplas
1969 318 1976 330 ‚
1993 291 2088 327 debet

1126 341 1248 377 solvere
1262 339 1377 387 duplas
1394 365 1402 378 ‚
1414 344 1450 372 ὅ(
1467 351 1533 371 non
1551 339 1681 374 admitti
1699 341 1739 374 ad
1757 338 1948 374 solvendum
1963 343 1997 376 in
2023 343 2087 376 ali-³

1125 391 1230 438 specie
1245 403 1384 424 moneta:
1409 388 1633 434 :equivalentis
1651 404 1657 429 ;
1675 402 1775 435 quare
1789 414 1798 426 ‚
1818 387 1837 420 [i
1867 391 1943 435 quis
1970 391 2087 426 debeat

1126 440 1233 476 scutos
1249 453 1328 485 500.
1345 439 1413 473 auri
1429 438 1464 471 in
1478 450 1558 470 auro
1575 464 1581 474 ‚
1599 442 1631 472 ἃ·
1651 437 1752 473 solvat
1767 464 1775 475 ‚
1788 436 1840 470 seu
1856 437 1978 475 solvere
1989 442 2086 488 posfit

1125 490 1242 537 duplas
1258 503 1336 533 250.
1363 487 1491 521 dicetur
1505 485 1626 522 solutio
1650 490 1684 522 in
1702 485 1804 535 speeie
1830 487 1958 532 praecisa
1973 516 1982 529 ‚
2005 493 2086 538 quiz

1124 540 1271 588 duplain
1285 538 1447 585 pondere,
1464 536 1571 570 valore
1587 564 1594 576 ,
1610 535 1757 572 bonitate
1775 536 1948 573 intrinseca
1960 565 1969 577 ‚
1983 543 2015 573 ὃ(
2030 554 2086 575 ex-

1125 590 1262 625 trinseca
1277 588 1349 623 sunt
1368 588 1436 620 duo
1453 585 1532 621 scuti
1546 588 1615 620 auri
1632 589 1665 621 in
1681 601 1773 622 auro.

1160 639 1296 674 Declara
1322 638 1420 672 tertio
1446 642 1460 679 (
1483 637 1565 671 dum
1588 637 1655 671 dixi
1675 663 1684 676 ,
1699 637 1883 672 debitorem
1899 637 2030 673 admitti
2045 639 2086 674 ad

1126 688 1318 723 solvendum
1334 689 1369 721 in
1384 697 1515 720 moneta
1528 687 1737 733 aequivalenti
1754 713 1764 728 ‚
1780 686 1917 735 quando
1933 701 2002 722 non
2023 702 2086 738 po-

1123 741 1181 773 test
1197 738 1314 773 habete
1330 748 1496 770 monetam
1510 762 1519 775 ,
1535 738 1568 770 in
1598 749 1665 782 qua
1679 738 1724 771 est
1750 735 1880 784 praecise
1894 737 2085 789 obligatus)

1124 801 1160 823 ut
1177 791 1305 824 dicatur
1319 799 1390 820 eam
1421 799 1490 819 non
1505 785 1590 831 poffe
1606 785 1722 820 habere
1737 814 1745 825 ‚
1770 786 1908 834 quaudo
1933 800 2005 823 eam
2031 790 2090 824 ha-

1122 836 1199 873 bere
1213 852 1281 872 non
1297 837 1399 884 potest
1413 836 1448 869 in
1476 834 1550 869 loco
1567 860 1576 875 ,
1600 837 1635 869 in
1663 849 1732 883 quo
1751 835 1848 870 debet
1865 850 1936 871 eam
1965 839 2090 876 solvere

1123 901 1224 931 qnare
1242 887 1260 921 si
1273 887 1388 921 debeat
1407 885 1440 918 in
1464 885 1608 919 Civitate
1624 887 1725 919 Art-tii
1755 884 1878 922 solvere
1897 887 2014 935 duplas
2027 892 2092 926 Hi-

1124 935 1268 983 spanicas
1282 963 1289 974 ,
1312 940 1345 970 ὃ(
1361 937 1395 969 in
1408 936 1552 969 Civitate
1580 936 1683 969 Aretii
1707 949 1775 969 non
1792 937 1996 984 reperiantur
2012 965 2022 980 ‚
2036 939 2094 976 sed.

1123 990 1327 1034 reperiantur
1342 989 1481 1022 Genuae,
1508 985 1558 1019 vel
1587 986 1620 1018 in
1648 983 1816 1032 Hispaniis
1832 1012 1843 1027 ‚
1868 987 1970 1028 dico,
1997 990 2094 1036 quod

1124 1038 1236 1083 quon
1254 1038 1343 1071 hunc
1355 1033 1464 1070 casum
1485 1034 1667 1069 diceremus
1686 1060 1695 1074 ‚
1722 1035 1905 1071 debitorem
1927 1050 1996 1072 non
2016 1039 2092 1086 pos-

1125 1084 1154 1121 se
1168 1101 1219 1122 eas
1235 1087 1356 1121 solvere
1371 1111 1379 1125 ,
1395 1085 1475 1131 quia
1492 1098 1560 1119 non
1574 1086 1781 1129 recipiuntur
1794 1088 1883 1134 paria
1897 1088 1988 1122 enim
2018 1088 2093 1125 sunt

1124 1138 1184 1172 isto
1198 1137 1268 1171 casu
1287 1133 1524 1182 i·np‹)ffibilitas
1554 1135 1603 1169 vel
1614 1133 1795 1171 difficultas
1821 1151 1829 1177 ς
1857 1137 2009 1185 hancque
2036 1139 2092 1174 de-

1124 1187 1337 1222 cinationem
1368 1184 1466 1220 habes
1480 1184 1580 1218 etiarn
1604 1184 1644 1219 de
1663 1197 1772 1220 mente
1794 1189 1889 1222 Rotae
1912 1187 2033 1233 divers:
2057 1190 2090 1224 d.

1125 1237 1218 1284 der-{2
1234 1243 1251 1271 6
1261 1239 1316 1271 88.
1331 1248 1398 1268 rum
1413 1235 1613 1279 fixrmstum.
1632 1248 1664 1279 5.
1678 1236 1818 1280 veficul.
1832 1251 1852 1284 q
1865 1251 1890 1270 so
1905 1251 1978 1272 vero
1992 1239 2093 1284 adfi-

1124 1289 1258 1323 cund,;m
1269 1285 1504 1337 p42<tertz.j.·enfbo
1515 1287 1605 1319 initio
1615 1285 1822 1329 decij,120·2is‚is1
1834 1290 2086 1335 Areapenfimn,

1128 1350 1181 1372 20.
1199 1336 1283 1372 Ebr.
1298 1349 1376 1370 anno
1393 1347 1424 1376 15
1433 1334 1490 1377 98.
1502 1347 1605 1370 coram
1621 1338 1659 1370 R.
1677 1339 1716 1370 P.
1726 1339 1771 1371 D.
1790 1340 1879 1372 Litta
1897 1341 1930 1372 in
1943 1340 2092 1389 impreffis

1125 1389 1276 1433 Lugdu-i
1292 1399 1370 1420 ,inno
1389 1388 1482 1420 1612.

1180 1436 1312 1472 Derlara
1325 1445 1459 1484 quarto,
1477 1444 1515 1467 ut
1529 1433 1563 1467 in
1579 1445 1714 1469 omnem
1731 1431 1853 1476 casum,
1868 1437 1902 1472 in
1918 1452 2021 1485 quern
2035 1441 2091 1477 de.

1125 1485 1214 1522 bitor
1230 1499 1297 1519 non
1314 1484 1408 1533 possit
1424 1483 1546 1520 solvere
1571 1495 1740 1519 monetam
1753 1511 1761 1523 ‚
1773 1498 1876 1533 quam
1894 1487 1990 1524 debet
2012 1504 2092 1538 pra-

1126 1535 1191 1572 cise
1205 1560 1213 1573 ‚
1231 1540 1263 1570 &
1278 1535 1355 1570 ideo
1382 1535 1426 1569 est
1441 1532 1668 1570 admittendus
1679 1535 1721 1569 ad
1735 1533 1932 1574 solvendum
1946 1543 2093 1589 aequiva.

1126 1587 1269 1623 lentem:
1287 1597 1322 1620 ut
1335 1597 1414 1620 tunc
1428 1594 1578 1620 teneatur
1607 1582 1730 1620 solvere
1743 1586 1994 1634 aequivalentem
2013 1609 2028 1632 3
2054 1592 2092 1627 in

1127 1649 1194 1685 qua
1218 1637 1330 1670 minus
1362 1632 1506 1669 diseede:
1518 1635 1558 1669 ab
1571 1644 1609 1668 ea
1628 1657 1639 1673 ‚
1653 1647 1727 1682 quae
1742 1636 1786 1671 ost
1800 1637 1836 1672 in
1858 1637 2065 1687 obligatione
2079 1655 2093 1679 ς

1128 1684 1254 1721 undesi
1277 1684 1374 1719 debet
1401 1682 1523 1718 solvere
1551 1695 1719 1718 monetam
1745 1698 1876 1721 auream
1895 1690 1995 1725 unius
2023 1689 2094 1729 fot.

1128 1739 1237 1775 nun&
1250 1732 1317 1781 ipse
1334 1733 1450 1769 habeat
1461 1731 1591 1768 solvum
1612 1734 1649 1767 in
1661 1732 1724 1768 alia
1737 1733 1857 1776 forma,
1869 1736 1966 1774 debet
1978 1741 2096 1786 potius

1129 1799 1200 1821 eam
1214 1784 1337 1819 solvere
1352 1786 1387 1819 in
1399 1783 1462 1818 alia
1476 1782 1585 1818 forma
1597 1807 1611 1820 η
1627 1795 1729 1831 quam
1746 1785 1879 1821 admitti
1904 1788 1946 1823 ad
1965 1781 2094 1827 solven-

1130 1835 1260 1872 durnin
1282 1835 1345 1869 alia
1375 1832 1479 1881 specie
1495 1832 1643 1873 metalli3
1667 1833 1762 1882 quod
1784 1833 2008 1875 finullatenus
2033 1840 2096 1876 ha-

1128 1885 1203 1921 beat
1218 1897 1386 1919 monetam
1410 1894 1542 1918 auream
1557 1909 1567 1924 ‚
1583 1882 1729 1932 ideoque
1751 1883 1789 1920 fit
1801 1886 2027 1925 admittendus
2050 1890 2096 1928 ad

1130 1933 1325 1971 solvendum
1352 1934 1388 1968 in
1411 1933 1476 1969 alia
1501 1932 1606 1981 specie
1629 1933 1774 1974 metalli,
1795 1935 1891 1971 debet
1916 1936 2040 1975 solvere
2054 1953 2096 1977 ar-

1131 1984 1357 2034 quivalentem
1376 1984 1488 2029 potius
1501 1986 1536 2017 in
1562 1994 1715 2031 argentea
1727 2009 1739 2024 ,
1751 1997 1852 2032 quam
1878 1999 1974 2024 aurea
1986 2014 1997 2030 ,
2021 2001 2096 2026 tum

1129 2037 1211 2084 quia
1226 2045 1400 2082 argentum
1414 2033 1457 2067 est
1481 2034 1586 2081 magis
1609 2034 1800 2079 proximum
1811 2049 1891 2070 auro
1907 2061 1917 2078 ,
1941 2051 2043 2086 quam
2058 2039 2098 2077 fit

1129 2085 1220 2120 aliud
1248 2083 1417 2118 metallum
1432 2106 1440 2119 ,
1456 2085 1489 2116 δε
1518 2084 1554 2117 in
1577 2082 1774 2120 habentibus
1791 2084 1937 2134 aliquem
1968 2086 2099 2135 symbo-

1129 2136 1201 2170 lum
1216 2133 1344 2170 facilior
1356 2134 1401 2167 est
1416 2131 1578 2178 tranfitus;
1596 2144 1668 2167 tum
1689 2135 1768 2181 quia
1784 2138 1971 2172 contractus
1989 2139 2033 2174 est
2046 2139 2099 2177 lex

1132 2188 1217 2221 inter
1230 2196 1335 2231 partes
1349 2208 1359 2223 ,
1376 2181 1428 2218 sed
1443 2196 1491 2219 ea.
1506 2195 1578 2229 quae
1595 2182 1670 2218 sunt
1683 2195 1799 2219 contra
1815 2184 1921 2234 legem
1937 2189 2099 2236 interpre-

1131 2248 1240 2271 tamur
1256 2261 1265 2275 ‚
1281 2234 1464 2282 quominus
1479 2232 1497 2266 ὲ
1517 2232 1588 2280 lege
1612 2233 1803 2269 recedamus
1818 2250 1830 2272 ,·
1847 2249 1928 2284 ergo
1941 2237 1984 2273 fic
1997 2241 2100 2275 etiam

1131 2284 1340 2332 interpretari
1364 2281 1523 2317 debemus
1548 2294 1605 2319 ea,
1626 2295 1701 2366 quae
1725 2282 1799 2319 sunt
1825 2298 1941 2322 contra
1964 2300 2098 2325 contra-

1133 2338 1186 2371 Ch]
1201 2350 1212 2373 ,-
1228 2347 1288 2382 pro
1303 2333 1364 2368 hac
1392 2332 1615 2367 declaratione
1647 2334 1712 2368 acit
1727 2358 1736 2372 ‚
1754 2335 1849 2382 quod
1873 2348 1914 2370 ex
1938 2338 2015 2385 Teffi
2030 2342 2098 2377 Iun.

1130 2385 1227 2421 retuli
1245 2385 1331 2424 infra
1343 2382 1429 2430 glt5.
1440 2385 1758 2430 num.127.ampliat.
1775 2396 1807 2419 2.

1206 2434 1379 2482 Restringe
1403 2430 1547 2467 secundo
1572 2432 1709 2467 eandem
1737 2431 1913 2470 secundam
1940 2435 2100 2474 extensio-

1130 2497 1206 2520 nem
1219 2483 1354 2532 positam
1364 2483 1462 2529 supra
1476 2495 1643 2526 num.to9.
1659 2482 1765 2524 (dum
1779 2483 1848 2518 dixi
1864 2511 1874 2525 ,
1891 2486 1984 2534 quod
2001 2490 2097 2523 Prin..

1130 2548 1205 2583 ceps
1220 2533 1323 2583 potest
1347 2534 1521 2579 imponere
1552 2533 1698 2578 pretium
1722 2545 1863 2570 monerae
1887 2538 1987 2572 etiam
2001 2539 2097 2585 paffi-

1131 2598 1179 2620 uae
1193 2587 1229 2620 in
1254 2583 1398 2621 secundo
1422 2580 1485 2618 vsu
1510 2594 1586 2616 cum
1607 2581 1992 2635 prohibitione,nequis
2012 2589 2099 2625 illud.

1130 2638 1273 2683 pretium
1290 2635 1427 2678 alteret)
1447 2643 1480 2666 vt
1493 2630 1548 2666 illa
1567 2632 1664 2679 pretii
1679 2631 1848 2680 impositio
1863 2657 1875 2673 ,
1895 2640 1926 2670 δ(
1944 2638 2099 2683 prohibi-

1131 2687 1180 2721 tio
1203 2698 1272 2720 non
1297 2682 1439 2720 habeant
1466 2681 1579 2717 locum
1593 2681 1629 2716 in
1642 2681 1810 2729 campsore
1833 2684 1953 2722 cambii
1986 2690 2099 2725 minu-

1130 2737 1155 2771 ti
1183 2761 1192 2774 ,
1227 2734 1359 2783 publica
1386 2733 1580 2768 auctoritate
1605 2757 1615 2771 ‚
1642 2735 1677 2766 &
1706 2731 1772 2768 fine
1803 2732 1922 2770 salario
1959 2736 2099 2786 deputa-

1133 2798 1170 2821 to
1186 2801 1194 2822 :
1212 2787 1292 2833 quia
1305 2787 1332 2820 is
1346 2783 1471 2831 poterit
1496 2780 1637 2830 aliquod
1649 2781 1806 2831 exiguum
1818 2809 1829 2825 ,
1845 2785 2021 2823 &licitum
2045 2803 2099 2825 ac-

1131 2838 1240 2883 cipere
1261 2835 1279 2869 ὲ
1310 2830 1517 2880 campsuario
1533 2857 1543 2871 ‚
1569 2833 1628 2880 qui
1642 2833 1811 2870 cambium
1834 2838 1952 2883 quaerit
1975 2851 1984 2872 ε
2020 2851 2100 2874 nam.

1132 2899 1209 2921 cum
1235 2885 1387 2929 Princeps
1404 2882 1468 2917 hoc
1493 2879 1645 2916 officium
1657 2882 1708 2917 illi
1735 2883 1924 2920 concesserit
1943 2885 2006 2921 fine
2018 2886 2099 2924 sala-

1132 2937 1184 2970 110
1200 2962 1210 2976 ‚
1228 2948 1296 2969 non
1321 2936 1365 2969 est
1389 2930 1562 2974 verisimile
1580 2957 1590 2972 ,
1604 2932 1697 2980 quod
1725 2933 1868 2969 voluerit
1894 2935 2099 2981 prohibitio.

1134 2999 1210 3020 nem
1225 2985 1267 3020 ad
1284 2984 1378 3019 illum
1406 2981 1580 3017 extendere
1592 3007 1601 3019 ‚
1617 2993 1650 3017 vt
1669 2996 1736 3017 non
1761 2982 1860 3030 poffit
1874 2997 2014 3022 monetae
2028 2987 2097 3022 col-

1134 3035 1245 3083 lybum
1281 3035 1426 3079 accipere
1457 3043 1516 3078 pro
1544 3031 1604 3066 suae
1642 3032 1833 3068 indenitatis
1870 3033 2098 3072 conseruatio-

1135 3100 1176 3120 ne
1194 3100 1204 3126 3
1227 3083 1303 3118 alias
1332 3081 1417 3118 istud
1435 3078 1585 3130 officium
1597 3079 1671 3116 esset
1686 3082 1733 3118 illi
1750 3082 1948 3120 damnosum
1963 3112 1972 3124 ,
2000 3085 2099 3135 quod.

1135 3149 1203 3170 non
1228 3134 1272 3168 est
1296 3131 1476 3168 dicendum
1491 3156 1500 3170 ,
1526 3133 1605 3179 quia
1629 3130 1703 3167 effer
1733 3131 1782 3167 lex
1808 3134 2028 3173 irrationalis:
2051 3136 2099 3172 se·

1135 3199 1190 3220 cus
1206 3183 1226 3219 st
1242 3183 1356 3218 habeat
1368 3182 1385 3216 a
1401 3180 1536 3229 publico
1563 3179 1715 3216 salarium
1732 3209 1741 3222 ,
1755 3183 1836 3230 quia
1851 3195 1930 3218 tunc
1947 3186 2032 3221 nihil
2049 3187 2100 3223 vl-

1137 3249 1185 3271 tra
1214 3232 1312 3282 poffet
1331 3233 1499 3278 accipere,
1525 3231 1623 3266 etiam
1648 3228 1671 3266 fi
1696 3234 1837 3279 pretium
1864 3231 1937 3269 esset
1965 3236 2100 3281 imposi-

1137 3299 1208 3321 tum
1232 3284 1377 3330 pecunia:
1403 3279 1506 3317 solum
1533 3281 1569 3316 in
1595 3281 1704 3328 primo
1732 3279 1787 3318 vsu
1806 3308 1816 3322 ,
1840 3285 1872 3316 δέ
1892 3296 1959 3318 non
1986 3283 2101 3326 secun-2

1136 3336 1193 3371 do,
1211 3334 1343 3369 testibus
1355 3332 1416 3369 his,
1430 3343 1516 3380 quos
1531 3329 1658 3366 secutus
1673 3330 1742 3367 sum
1750 3334 1849 3382 supra
1867 3346 2034 3380 nume.99,
2048 3351 2102 3373 ra.

1162 3386 1229 3420 νέᾳ.
1241 3398 1246 3417 i
1259 3410 1266 3419 .

1129 3386 1159 3431 st
1187 3433 1322 3469 Declara
1347 3429 1432 3465 lianc
1457 3428 1694 3465 restrictionem
1711 3454 1720 3468 ,
1737 3441 1792 3469 vt,
1811 3429 1977 3479 supposito
2003 3433 2101 3483 casu,

1142 3486 1176 3519 in
1191 3496 1259 3531 quo
1273 3479 1421 3526 campsot
1436 3479 1530 3527 poss‘it
1545 3479 1646 3526 pluris
1663 3480 1807 3515 vendere
1822 3485 1837 3525 (
1852 3494 1888 3517 vt
1906 3497 2001 3530 puta,
2015 3491 2097 3534 quia

1146 3546 1285 3581 pretium
1308 3530 1342 3564 fit
1368 3528 1558 3577 impositum
1590 3541 1729 3563 monetae
1752 3530 1786 3564 in
1806 3533 1918 3578 primo
1940 3531 1999 3571 vsu
2028 3549 2101 3572 tan-

1144 3595 1218 3620 tum
1233 3581 1310 3625 ,vel
1337 3578 1477 3630 quia.si
1499 3578 1537 3615 sit
1559 3577 1751 3627 impositum
1773 3581 1872 3614 etiam
1889 3584 1921 3615 in
1938 3583 2102 3638 secundm

1801 3630 1924 3680 1³⁸5

2119 655 2176 678 125

2123 1421 2188 1447 122,

2128 2457 2198 2498 τις

2131 3469 2198 3503 124
