2400 3939
796 175 848 238 §.
881 171 963 228 11.
996 165 1175 231 Gloff.
1207 168 1287 229 V.

102 272 272 304 num.424.
294 258 378 294 dum
407 255 527 291 dicunt
547 282 556 297 ,
579 253 874 301 conpensationem
896 252 968 286 fieri
992 250 1063 297 ipso

2 331 4 334 >
21 325 86 361 433
103 311 180 358 jure
193 336 203 350 ,
230 308 420 355 loquuntur
443 303 633 350 simpliciter
654 329 664 343 ,
685 305 712 348 †
732 303 813 336 licet
833 300 938 335 Doti.
968 299 1065 334 variis

104 358 277 404 agitentur
291 353 458 389 erroribus
472 378 482 393 ‚
504 362 652 398 quorum
664 361 762 384 2unus
776 348 937 395 producit
953 349 1063 381 alium.

104 406 239 441 Primus
263 414 354 438 error
377 401 423 434 est
441 426 451 441 ‚
472 399 552 433 dum
575 399 788 433 contendunt
807 424 816 438 ,
839 409 878 431 an
903 406 1064 443 compen-

105 454 190 489 satio
210 451 267 487 fiat
287 449 357 496 ipso
373 449 470 495 jure:
489 449 522 482 ὅ(
538 447 607 481 hoc
625 457 738 481 errore
753 445 870 479 versati
884 444 958 478 sunt
973 445 1067 477 Mar-

104 505 164 537 tin.
186 499 335 548 glqffator
358 499 532 543 antiquus,
555 499 679 531 Accur.
709 496 784 539 Cyn.
810 495 905 527 Bari.
929 493 1007 527 Bal.
1031 491 1066 527 (9⁶

107 550 215 594 Sasyc.
239 551 272 581 in
299 548 322 581 1.
353 558 387 587 4.
409 544 432 585 fi
457 544 587 589 constat.
607 543 642 578 Θ
666 544 701 577 C.
721 542 763 576 de
786 542 939 588 compens.
960 540 994 573 δε
1014 539 1067 572 alii

106 599 140 633 in
161 595 298 630 diversis
317 593 402 629 locis
416 619 425 632 ,
449 591 527 640 quia
547 590 569 624 fi
588 590 620 624 in
635 589 703 625 hoc
721 589 880 623 habemus
894 590 986 635 leges
1000 587 1069 621 cla-

103 657 156 681 ras
182 670 192 686 ,
216 644 319 678 debet
338 639 462 675 cessare
476 639 664 674 contentio.
686 637 867 672 Secundus
891 647 982 671 error
1000 639 1017 682 (
1036 635 1070 668 &

105 693 244 742 gravior
258 692 276 738 )
298 690 342 724 ess
355 717 364 731 ‚
380 690 461 724 dum
486 686 710 722 communiter
726 685 939 720 concludunt
953 710 963 725 ‚
978 694 1071 717 com-

3 734 5 763 ¹
106 740 335 789 pensationem
359 749 427 772 non
452 735 525 771 fieri
549 734 620 782 ipso
638 735 713 780 jure
732 760 742 776 ,
763 736 797 770 &
820 733 853 767 in
875 733 1071 767 hocerrore

108 788 227 824 versati
252 787 327 821 sunt
352 785 407 820 Gl.
423 788 457 819 in
480 783 579 818 verbo
602 809 610 823 ,
637 785 703 831 ipso
719 785 794 826 jure
814 784 856 824 5.
878 784 911 815 in
935 780 1019 814 bonae
1031 778 1071 818 fi-

107 838 175 872 dei.
200 836 302 880 Instit.
323 835 364 868 de
387 833 451 868 aet.
482 832 516 868 ό
539 835 571 864 in
593 832 666 864 eod.
690 831 788 865 verbo
806 833 838 863 in
862 830 885 865 l.
902 840 936 870 4.
956 827 980 868 fi
998 837 1071 860 con-

36 891 41 901 ²
60 899 62 904 ’
97 886 181 933 stat.
197 886 232 918 C.
250 884 292 917 de
305 882 458 930 compens:
479 878 574 914 Surd.
593 880 750 926 dec.117.
763 877 966 926 petebantur.
982 886 1068 908 num.

109 945 142 979 3.
157 936 190 967 in
209 932 271 973 fine
287 932 321 968 6?
341 942 463 971 num.4.
480 927 612 974 &seqq
630 927 701 961 dec.
722 939 797 970 ¹9¹·
815 928 966 973 quamvis
983 934 1069 972 nurn.

111 992 225 1026 ¹3³4-
242 980 276 1017 ἀγ
296 991 347 1025 ¹5·
372 979 406 1012 δι
425 975 545 1011 omiffis
563 975 633 1008 aliis
647 1001 657 1016 ,
679 974 723 1008 de
744 972 915 1009 communi
937 970 1071 1019 opinio-

107 1040 151 1064 ne
174 1027 314 1064 testatur
330 1053 339 1068 ‚
361 1027 395 1060 ὅ(
417 1024 568 1073 sequitur
585 1025 658 1070 Jas.
679 1025 714 1056 in
734 1023 769 1056 d.
786 1023 818 1068 §.
838 1024 872 1057 in
892 1021 974 1056 bonae
991 1017 1071 1058 fidei

107 1089 196 1111 num.
222 1089 280 1123 77.
304 1077 337 1112 (9
362 1074 418 1121 78.
446 1072 588 1107 'l'ertius
616 1083 706 1105 error
732 1070 778 1104 est
804 1096 814 1112 ,
837 1069 917 1103 dum
939 1069 981 1102 ab
1009 1066 1071 1100 hac

109 1123 284 1159 communi
308 1121 526 1157 conclusione
547 1118 710 1166 quosdam
737 1119 910 1164 excipiunt
941 1114 1035 1150 casus
1060 1141 1070 1156 ‚

109 1172 201 1207 nulla
226 1182 334 1206 tamen
355 1170 485 1204 ratione
508 1167 652 1202 adducta
669 1194 679 1207 ,
701 1177 807 1214 quare
829 1165 1020 1212 excipiant,
1038 1164 1072 1198 δε

110 1219 143 1254 in
173 1220 241 1254 hoc
264 1229 378 1253 errore
404 1215 519 1251 versati
541 1216 615 1250 sunt
637 1215 692 1249 Gl.
713 1227 746 1249 m
763 1213 866 1260 d.1.fi
887 1214 1015 1258 constat.
1036 1212 1071 1248 &⁶

114 1268 234 1314 Sebast.
262 1267 387 1300 Medic.
410 1263 574 1299 trabs-de
598 1265 751 1310 compenſs
779 1275 829 1310 qu.
851 1273 906 1295 21.
927 1273 1011 1294 num.
1036 1271 1070 1301 4.

112 1317 149 1355 φ
165 1318 259 1363 seqq.
276 1312 583 1361 torn.6.par.2.sol.
606 1322 686 1358 ²70·
711 1311 868 1354 Quartus
890 1320 982 1344 error
1002 1308 1048 1342 est
1063 1333 1073 1349 ,

112 1364 195 1399 dum
219 1363 357 1397 eandem
384 1360 636 1395 conclusionem
653 1359 814 1400 limitant,
842 1369 881 1392 ur
905 1369 972 1391 non
995 1368 1074 1402 pro-

112 1413 214 1448 cedat
238 1410 275 1446 in
298 1410 424 1444 casibus
442 1435 452 1449 ,
481 1409 514 1441 in
541 1407 666 1453 quibus
694 1407 716 1440 fi
741 1419 808 1441 non
831 1405 924 1440 fieret
946 1431 955 1445 ‚
980 1404 1073 1438 debi-

111 1469 169 1496 toi’
192 1469 362 1507 pateretur
383 1457 541 1491 damnum
567 1456 734 1490 usurarum
750 1481 759 1496 ‚
784 1466 915 1501 poenae,
938 1454 971 1487 ὅ(
989 1452 1074 1486 fimi-

110 1508 194 1543 lium
213 1521 225 1551 ;
248 1508 281 1540 ὅ(
307 1518 380 1540 nam
399 1505 431 1538 hi
453 1514 602 1538 errarunt
619 1530 629 1543 ,
646 1503 726 1550 quia
743 1503 788 1537 illi
804 1502 897 1536 casus
913 1513 981 1535 non
998 1500 1074 1536 sunt

110 1556 232 1591 limites
254 1552 535 1599 compensationis
551 1578 559 1590 ‚
588 1563 668 1599 quae
692 1549 730 1585 fit
756 1549 826 1596 ipso
845 1552 941 1596 jure,
963 1549 1008 1583 ita
1035 1560 1073 1584 ut

112 1614 203 1639 extra
228 1604 304 1637 illos
329 1602 424 1636 casus
450 1613 517 1635 non
541 1598 598 1633 fiat
621 1612 632 1641 ;
655 1597 709 1633 sed
732 1598 806 1633 sunt
824 1599 936 1646 aliqua
965 1608 1075 1631 exem-

112 1655 167 1698 pla
183 1651 381 1690 effeetuutm
401 1662 420 1683 e
435 1648 620 1683 manantium
637 1648 655 1681 ὲ
675 1646 948 1693 compensatione
962 1672 970 1685 ,
994 1656 1075 1692 quae

111 1698 152 1735 fit
172 1700 244 1748 ipso
265 1700 366 1745 jure;
384 1699 417 1732 ὅ(
440 1695 686 1742 consequenter
707 1694 739 1727 in
763 1696 919 1741 quolibet
934 1694 1000 1727 alio
1019 1706 1074 1728 ca-

113 1747 150 1783 su
173 1773 183 1789 ‚
211 1749 243 1782 in
271 1757 344 1796 quo
366 1744 594 1791 compensanti
616 1742 751 1778 resultet
774 1743 900 1777 utilitas
920 1754 959 1775 ex
981 1754 1075 1776 com-

113 1796 309 1844 pensatione
337 1794 488 1829 dicemus
515 1819 524 1833 ‚
560 1791 865 1837 compensationem
899 1789 969 1823 fieri
1002 1790 1073 1837 ipso

111 1846 189 1892 jure
205 1872 215 1886 ,
245 1854 347 1891 prout
370 1843 456 1876 hanc
479 1840 660 1875 dofhhram
685 1840 772 1873 bene
797 1838 939 1872 firmavit
968 1837 1072 1882 Tynd.

111 1896 146 1927 in
162 1894 198 1927 d.
218 1894 321 1926 art.6.
339 1901 486 1934 num.5i.
510 1890 643 1935 &seqq
669 1889 702 1922 &
723 1886 904 1933 praesertim
921 1887 1003 1933 ,μέν
1019 1899 1071 1921 nu.

113 1942 170 1976 60.
189 1941 315 1988 versa.
329 1935 439 1973 iom.6.
453 1937 641 1984 par.2.fol.
663 1947 740 1980 ²54·
764 1936 798 1969 <Sc
819 1935 850 1968 in
872 1935 940 1969 hoc
962 1946 1073 1969 errore

113 1988 235 2024 versati
260 1987 333 2021 sunt
356 1986 403 2026 ii,
419 1988 452 2021 ὅ(
473 1996 563 2032 quos
583 1984 615 2018 in
640 1983 702 2017 illis
722 1983 819 2018 casib.
840 1982 942 2016 citavi
968 1982 1024 2018 sol.
1041 1995 1071 2017 n.

8 2071 9 2075 ,
111 2048 193 2082 ⁴25·
217 2037 353 2083 &seqq
375 2036 531 2079 Quintus
553 2043 644 2067 error
667 2032 714 2066 est
730 2059 738 2073 ‚
760 2032 841 2065 dum
862 2031 973 2064 iisdem
997 2031 1074 2066 cafi-

8 2078 9 2123 l
110 2084 175 2119 bus
195 2084 228 2118 se
246 2083 333 2130 ipsos
348 2082 556 2129 implicantes
577 2107 585 2121 ‚
608 2080 721 2121 aiunt,
740 2079 853 2114 adhuc
877 2078 999 2126 requiri
1023 2078 1071 2113 fa-

110 2132 200 2167 stum
221 2130 364 2167 hominis
378 2158 386 2171 ‚
409 2131 442 2164 &
467 2130 711 2176 consequenter
731 2126 878 2162 inferunt
894 2153 903 2167 ,
923 2128 1022 2162 etiam
1039 2127 1071 2161 in

111 2180 174 2215 illis
184 2193 251 2215 non
266 2179 338 2214 fieri
353 2177 424 2225 ipso
438 2179 513 2223 jure
525 2190 536 2221 3
549 2177 665 2223 ficque
678 2176 775 2223 quod
792 2176 884 2210 aiunt
899 2202 908 2217 ,
923 2186 1069 2222 negant:

11 2261 13 2268 .
28 2248 97 2283 434
112 2229 146 2264 ὅ(
161 2240 278 2264 eorum
294 2239 385 2261 error
400 2227 445 2261 est
467 2225 657 2261 manifestus
671 2252 681 2267 ‚
702 2227 727 2270 †
752 2223 831 2271 quia
849 2224 1018 2271 quicquid
1032 2222 1070 2258 fit

110 2276 181 2323 ipso
203 2277 280 2324 jure
293 2302 303 2317 ,
323 2274 431 2310 statim
445 2272 523 2308 suos
538 2285 696 2320 operatur
718 2271 856 2306 effeetus
872 2283 880 2305 :
899 2271 991 2306 unde
1004 2272 1072 2306 sen-

109 2324 214 2362 sentia
235 2353 246 2368 ,
267 2325 333 2358 lata
362 2322 433 2370 ipso
465 2323 541 2368 jure
560 2347 567 2361 ,
590 2321 697 2356 statim
727 2330 885 2366 operatur
918 2318 1071 2354 effestum

109 2373 205 2408 suum
217 2385 286 2408 non
305 2372 486 2417 expetstatis
501 2371 619 2404 decem
634 2370 753 2407 diebus
766 2395 774 2408 ‚
789 2369 872 2403 intra
889 2380 979 2416 quos
996 2368 1071 2414 pos-

108 2422 156 2457 set
175 2420 331 2468 appellati
342 2445 352 2459 ,
373 2418 488 2467 Tiraq.
503 2423 534 2452 in
550 2420 572 2453 l.
591 2419 613 2459 fi
627 2430 767 2466 unquam
781 2420 814 2450 in
831 2418 941 2457 verbo,
959 2428 1073 2450 rever-

108 2480 199 2504 tatur
212 2469 379 2511 num.426.
398 2470 433 2505 C.
451 2470 493 2502 de
510 2479 617 2501 revoc.
635 2466 708 2500 don.
727 2465 807 2512 quia
824 2465 922 2513 quod
940 2464 981 2500 fit
1000 2465 1072 2511 ipso

10 2519 11 2554 l
107 2518 185 2564 jure
198 2516 300 2552 trahit
317 2516 429 2551 secum
445 2516 680 2549 executionem
693 2540 702 2554 ‚
716 2525 755 2548 ut
769 2513 815 2547 est
829 2513 862 2548 in
876 2525 996 2560 poena,
1012 2514 1073 2547 im-

108 2565 218 2613 posita
235 2564 306 2610 ipso
322 2564 397 2610 iure
413 2590 422 2603 ,
442 2564 530 2598 idem
544 2561 658 2608 Tiraq.
680 2564 712 2595 in
728 2561 826 2595 verbo
841 2587 851 2603 ‚
871 2572 1070 2595 revertatur.

107 2614 282 2660 num.387.
297 2613 331 2647 &
346 2611 426 2647 ideo
442 2611 571 2647 infamis
585 2610 655 2658 ipso
669 2611 742 2656 jure
755 2636 764 2650 ‚
787 2609 895 2644 statim
915 2608 1074 2657 intelligi-

107 2672 163 2698 tur
179 2662 330 2707 privatus
348 2660 423 2705 jure
437 2659 600 2700 testandi,
615 2669 681 2692 non
697 2658 870 2704 expestata
884 2657 946 2691 alia
961 2657 1075 2693 decla-

106 2709 240 2745 ratione
253 2734 263 2749 ,
285 2707 400 2756 Tiraq.
419 2711 452 2742 in
469 2707 540 2742 eod.
562 2707 662 2742 verbo
677 2732 686 2748 ‚
707 2717 897 2740 revertatur
910 2731 920 2746 ‚
936 2705 1002 2753 sub
1019 2718 1072 2739 nu.

109 2758 188 2804 384.
209 2757 243 2792 &
263 2755 392 2792 faciunt
413 2767 494 2804 quae
513 2755 620 2802 scripsi
640 2757 674 2788 in
694 2766 761 2788 meo
779 2754 876 2788 irati.
902 2754 944 2787 de
964 2754 1072 2797 judic.

271 2831 279 2840 .
301 2803 395 2840 lilm.
409 2815 482 2851 cap.
496 2804 553 2848 98.
566 2802 632 2852 sub
650 2815 764 2848 ηιμ.
779 2802 826 2836 ihi
839 2829 848 2843 ,
857 2801 888 2847 fi
906 2804 1071 2848 provenit.

84 2865 91 2868 ·
108 2854 194 2897 Qua
212 2865 231 2887 e
262 2853 410 2887 irmanda
428 2853 474 2887 est
497 2852 616 2897 opinio
635 2849 848 2890 affirmativa,
866 2848 964 2897 quod
983 2860 1074 2884 com-

83 2913 87 2916 *
108 2901 258 2949 pensatio
281 2900 341 2936 fiat
361 2900 433 2948 ipso
449 2902 524 2947 jure
542 2900 609 2934 fine
631 2897 721 2933 faeto
747 2898 891 2933 hominis
912 2923 922 2938 ,
944 2907 982 2932 ut
1005 2897 1073 2932 dixi

111 2962 143 2985 n.
161 2949 302 2996 praeced.

162 2996 309 3032 Declara
329 2997 421 3031 istam
436 2994 629 3043 opinionem
649 2994 875 3028 affirmativam
888 3022 896 3034 ‚
911 3004 949 3030 ut
964 2994 1002 3029 fit
1020 3005 1074 3028 ve-

115 3056 149 3079 ra
161 3071 170 3086 ‚
185 3044 391 3080 confiderata
406 3043 610 3080 executione
631 3043 715 3088 juris
738 3043 846 3077 velata
865 3069 874 3084 ‚
890 3042 972 3090 quia
987 3042 1019 3075 in
1036 3054 1074 3076 ea

113 3105 183 3128 non
198 3093 381 3140 requiritur
397 3091 538 3140 aliquod
554 3091 675 3125 factum
695 3090 838 3124 hominis
857 3117 867 3130 ,
889 3091 944 3125 seu
962 3091 1074 3124 decla-

114 3142 201 3176 ratio
218 3140 365 3186 judicis,
382 3140 476 3175 secus
490 3167 499 3181 ‚
524 3139 729 3173 considerata
747 3139 951 3174 executione
968 3139 1050 3184 juris
1063 3165 1073 3180 ,

114 3189 292 3235 aperienda
314 3189 427 3236 ;quia
451 3189 484 3223 in
505 3188 579 3232 ejus
603 3186 792 3232 aperitione
819 3187 1001 3234 requiritur
1026 3186 1074 3220 fa-

114 3236 204 3271 stum
231 3236 376 3271 hominis
393 3262 403 3277 ‚
429 3239 463 3273 &
491 3234 615 3283 judicis
636 3247 650 3277 ·,
671 3234 747 3268 haec
776 3245 887 3269 autem
913 3234 1073 3269 executio

114 3285 198 3331 juris
212 3286 321 3319 velata
334 3284 447 3320 donec
461 3283 629 3330 aperiatur
642 3309 652 3323 ‚
669 3282 768 3316 habet
782 3283 880 3316 etiam
898 3282 975 3316 suos
989 3281 1071 3316 effe-

113 3332 186 3368 &us
209 3333 351 3368 latentes
371 3333 431 3381 qui
452 3341 631 3378 propterea
656 3329 731 3364 sunt
749 3341 787 3364 ac
806 3330 829 3363 fi
855 3342 922 3365 non
941 3329 1044 3365 essent
1062 3357 1073 3372 ‚

111 3381 300 3429 quia'paria
309 3381 383 3416 sunt
396 3380 462 3415 esie
473 3381 506 3415 &
519 3391 587 3414 non
603 3389 762 3425 apparere
776 3390 788 3421 ;
803 3379 838 3413 ὃς
854 3390 920 3413 non
939 3377 1016 3420 esse,
1033 3388 1073 3413 ut

112 3427 199 3464 hanc
224 3429 361 3464 eandem
377 3456 385 3471 ‚
407 3427 668 3463 declarationem
691 3425 787 3461 sentit
804 3427 836 3460 in
865 3426 986 3461 effestu
1002 3453 1012 3468 ‚
1039 3428 1073 3461 δε

29 3009 95 3046 435

113 3476 262 3512 ostendit
279 3503 288 3518 ‚
309 3477 365 3512 sed
387 3480 444 3525 pe'r
469 3473 596 3510 diversa
618 3474 720 3507 verba
743 3500 753 3515 ,
779 3474 884 3520 Tynd.
911 3475 1007 3509 trabi.
1031 3475 1074 3508 de

109 3526 266 3572 compens.
277 3525 453 3574 art.6.sub
469 3524 582 3559 nu.6z.
601 3521 637 3558 (θ’
646 3523 739 3568 seqq.
758 3524 844 3569 vers.
866 3525 972 3568 quinto
984 3522 1072 3556 illud

74 3584 75 3587 ¹
108 3575 506 3621 tom.6.par.2.fol.254.
526 3571 560 3606 δε
577 3570 654 3604 hoec
670 3569 715 3603 de
737 3569 951 3617 responsione
966 3570 1072 3605 addu-

107 3619 158 3654 &a
174 3622 278 3666 supra
290 3621 359 3666 sub
380 3633 457 3666 n.43
466 3634 496 3657 2.

17 3660 95 3712 *⁴36
152 3666 317 3723 Secundo
332 3668 519 3717 respondeo
533 3693 541 3709 ‚
559 3666 656 3715 quod
670 3664 804 3701 admissa
816 3665 869 3700 illa
887 3665 1064 3712 opinione,

1964 195 2071 250 359

1114 253 1212 301 quod
1234 250 1463 299 compensatio
1483 251 1540 285 siat
1563 250 1634 299 ipso
1650 253 1725 298 jure
1744 251 1848 290 solum
1867 254 1899 289 in
1923 259 2073 301 casibus,

1114 303 1146 335 in
1171 301 1295 349 quibus
1313 299 1528 345 compensans
1550 310 1721 346 pateretur
1745 301 1902 337 damnum
1923 331 1933 345 ,
1961 306 1984 339 fi
2006 318 2075 341 non

1114 349 1210 384 fieret
1227 348 1300 396 ipso
1325 350 1399 396 jure
1411 373 1420 388 ‚
1443 347 1534 384 casus
1555 349 1598 382 de
1617 360 1687 395 quo
1705 349 1834 395 agimus
1852 352 1898 386 est
1917 364 1956 387 ex
1980 354 2043 388 illis
2058 366 2073 397 ;

1115 398 1196 445 quia
1210 397 1232 431 si
1248 407 1286 432 tu
1310 407 1376 430 non
1402 395 1539 430 haberes
1554 395 1643 430 unde
1659 397 1738 431 mihi
1756 397 1960 434 satisfaceres
1979 427 1988 442 ,
2007 413 2075 448 ego

1114 445 1287 493 perderem
1314 443 1399 478 scut.
1422 455 1497 489 500.

1164 493 1194 527 F
1196 494 1311 527 irmata
1330 491 1530 528 limitatione
1544 518 1553 533 ‚
1583 490 1628 527 de
1643 503 1711 540 qua
1719 495 1826 542 supra
1842 506 1957 541 n.4i7.
1977 496 2075 542 quod
2090 501 2159 537 437,

1116 540 1345 592 compensatio
1398 540 1575 592 antecellat
1619 542 1805 588 quamlibet
1844 542 2075 589 hypothecam

1116 599 1337 638 quantumvis
1363 598 1573 622 anteriorem.

1165 636 1322 671 Extende
1344 647 1415 670 eam
1445 635 1478 668 in
1506 635 1645 683 Repub.
1669 638 1805 673 Genuae
1835 664 1846 680 ,
1877 648 1916 674 ut
1943 639 1967 673 fi
1994 640 2076 676 alter

1116 685 1265 733 ipsorum
1294 683 1373 717 hinc
1401 682 1480 717 inde
1505 684 1711 720 creditorum
1739 712 1748 727 ,
1775 687 1809 720 &
1839 686 2033 723 debitorum
2065 714 2076 730 ‚

1118 746 1158 769 ex
1187 731 1283 769 causa
1309 730 1513 766 cambiorum
1539 744 1553 775 ;
1587 733 1640 767 vel
1663 744 1702 767 ex
1724 734 1794 768 aliis
1817 736 1994 782 quibusvis
2023 735 2077 770 di-

1118 781 1218 817 versis
1254 779 1361 816 caufis
1391 778 1580 816 remanserit
1607 782 1757 816 creditor
1778 808 1788 823 ,
1819 784 1872 817 vel
1906 783 2043 818 debitor
2064 810 2076 826 ‚

1116 831 1184 865 five
1209 839 1313 876 pure,
1339 827 1409 861 five
1441 824 1476 859 in
1504 827 1616 869 diem,
1632 828 1700 863 five
1723 842 1786 876 pro
1808 856 1818 871 ‚
1846 831 1951 877 seipso
1973 857 1983 873 ‚
2009 831 2078 867 five

1117 890 1179 925 pro
1204 877 1271 912 alio
1289 903 1300 918 ‚
1318 874 1375 910 seu
1398 885 1566 921 computo
1592 876 1732 911 aliorum
1757 879 1790 912 δι
1819 878 1981 914 efficiatur
2007 891 2077 915 non

1116 925 1283 962 solvendo
1309 951 1320 966 ‚
1350 924 1378 958 is
1403 922 1465 970 qui
1496 934 1641 960 remanet
1666 925 1817 960 creditor
1841 952 1851 968 ,
1876 925 2078 972 praeferatur

1118 973 1276 1011 omnibus
1299 972 1332 1007 in
1353 970 1626 1017 compensatione
1648 984 1711 1020 pro
1736 975 1953 1009 concurrenti
1972 986 2079 1024 quan-

1118 1023 1218 1058 titate
1233 1048 1244 1063 ‚
1267 1031 1306 1056 ut
1331 1019 1518 1067 disponitur
1541 1021 1575 1055 in
1607 1022 1835 1057 Genuensium
1848 1023 1933 1068 stat.
1961 1023 2020 1057 lib.
2043 1034 2078 1066 4.

1116 1082 1189 1118 cap.
1212 1082 1262 1113 ¹4·
1281 1070 1324 1104 de
1347 1069 1501 1117 compens.
1516 1071 1549 1103 in
1584 1072 1665 1103 rinc.
1687 1081 1786 1118 quam
1802 1071 1911 1119 legem
1938 1072 2080 1108 munici-

1117 1120 1223 1167 palem
1246 1118 1369 1152 censeo
1394 1113 1460 1150 effe
1482 1127 1546 1151 con
1564 1129 1690 1152 ormem
1715 1119 1781 1164 juri
1799 1119 1994 1161 communi,
2020 1131 2079 1167 pet

1118 1180 1156 1203 ea
1169 1195 1179 1210 ‚
1199 1177 1280 1213 qua:
1295 1166 1430 1200 secutus
1447 1161 1516 1198 sum
1524 1165 1700 1213 staprasub
1715 1178 1850 1209 ηιι.4ι4.
1872 1179 1960 1201 vers.
1978 1171 2077 1203 ratio.

1120 1218 1154 1251 ὅ(
1179 1215 1244 1250 esse
1267 1211 1424 1261 aequitati
1440 1213 1579 1250 amicam
1602 1239 1612 1254 ‚
1634 1215 1669 1249 ὅ(
1689 1213 1768 1249 ideo
1793 1215 1922 1263 ubique
1945 1213 2079 1251 servan-

1118 1264 1191 1298 dam
1207 1290 1217 1305 ,
1236 1273 1306 1298 tum
1333 1261 1413 1309 quia
1430 1260 1507 1296 alias
1535 1262 1633 1297 valde
1654 1261 1865 1298 fraudaretur
1885 1262 1970 1298 fides
1992 1276 2080 1299 mer-

1119 1311 1247 1347 catoria
1264 1323 1274 1353 ;
1299 1308 1462 1357 fiquidem
1486 1317 1654 1344 mercator
1667 1336 1676 1352 ‚
1698 1313 1759 1357 qui
1775 1311 1877 1346 debet
1897 1311 1958 1345 tibi
1978 1324 2078 1348 1000.

1118 1358 1216 1394 facile
1241 1359 1304 1394 tibi
1329 1370 1368 1392 ex
1391 1356 1456 1392 alio
1480 1357 1660 1392 commeta
1688 1359 1805 1394 credet
1831 1371 1931 1393 noo.
1957 1368 2048 1396 ntus
2067 1387 2078 1403 ,

1120 1408 1216 1455 quod
1244 1419 1305 1454 pro
1329 1405 1430 1440 scutis
1461 1418 1562 1440 1000.
1589 1406 1635 1440 est
1659 1417 1779 1441 cantus
1800 1419 1814 1451 3
1836 1419 1908 1442 tum
1930 1408 2009 1456 quia
2028 1409 2080 1442 ni-

1120 1455 1179 1490 mis
1201 1456 1321 1489 durum
1345 1454 1425 1490 esset
1441 1480 1450 1495 ‚
1475 1453 1604 1489 solvere
1626 1454 1743 1496 alteri,
1766 1455 1863 1502 quod
1892 1455 1952 1490 fibi
1977 1456 2082 1491 debe-

1121 1515 1175 1538 tur
1188 1531 1198 1545 ‚
1221 1503 1263 1537 ad
1287 1514 1387 1550 quam
1404 1502 1563 1537 duritiem
1579 1501 1768 1537 evitandam
1783 1503 1972 1539 admittitur
1990 1515 2083 1540 com-

1121 1551 1271 1598 pensatio
1286 1550 1357 1597 ipso
1373 1551 1449 1596 jure
1462 1577 1472 1591 ,
1490 1559 1528 1586 ut
1550 1550 1617 1586 dixi
1630 1552 1738 1599 supra
1758 1563 1890 1598 num.43
1902 1564 1929 1588 x.
1946 1553 1980 1586 ὅ(
1997 1552 2083 1588 faeta

1120 1598 1392 1646 compensatione
1407 1624 1417 1638 ‚
1433 1598 1558 1634 dicitur
1576 1597 1659 1633 faita
1673 1598 1801 1634 solutio
1821 1626 1831 1641 ‚
1850 1612 1908 1647 per
1925 1611 1962 1635 ea
1973 1627 1982 1642 ,
1999 1611 2084 1648 quae

1121 1647 1229 1695 scripsi
1253 1650 1352 1694 supra
1369 1645 1432 1694 sub
1450 1658 1535 1681 num.
1555 1647 1613 1689 48.
1641 1647 1675 1681 &
1697 1644 1782 1681 faeta
1804 1647 1978 1684 solutione
1992 1675 2002 1691 ,
2031 1660 2085 1684 re-

1120 1707 1229 1731 manet
1250 1694 1392 1729 extineta
1419 1694 1616 1743 hypotheca
1631 1720 1642 1736 ,
1665 1704 1705 1730 ut
1721 1694 1789 1729 dixi
1796 1698 1905 1744 supra
1916 1698 1983 1746 sub
1997 1709 2085 1734 num.

1120 1755 1204 1785 4¹0.
1228 1745 1262 1780 &³
1289 1755 1371 1786 4¹²·

1171 1791 1399 1829 confirmatur
1422 1791 1500 1826 haec
1521 1790 1667 1826 extensio
1685 1818 1695 1833 ‚
1722 1792 1757 1828 δε
1783 1790 2029 1840 consequenter
2044 1791 2082 1828 li·
2097 1787 2168 1834 433

1121 1840 1251 1876 mitatio
1279 1838 1409 1874 extensa
1432 1867 1441 1881 ,
1469 1841 1550 1888 quia
1571 1840 1754 1877 secundum
1777 1839 1974 1888 opinionem
1998 1853 2083 1876 mer-

1119 1900 1272 1923 catorum
1298 1899 1312 1930 ·‚
1341 1887 1490 1923 creditor
1517 1886 1737 1935 consequitur
1758 1888 1963 1925 solutionem
1981 1916 1991 1931 ‚
2014 1901 2084 1925 non

1121 1937 1226 1971 solum
1245 1947 1304 1982 per
1325 1935 1409 1970 viam
1431 1935 1713 1982 compensationis
1727 1963 1738 1978 ‚
1752 1936 1909 1985 quamvis
1921 1937 1959 1974 sit
1974 1939 2084 1975 credi-

1121 1996 1175 2020 tor
1203 1983 1368 2031 posterior
1384 2011 1393 2024 ‚
1419 1983 1474 2018 seu
1500 1984 1665 2019 secundus
1687 2010 1696 2025 ‚
1721 1995 1761 2020 ut
1781 1985 1850 2020 dixi
1864 1987 1973 2034 supra
1994 1998 2082 2022 num.

1119 2044 1284 2079 4¹7·424·
1311 2032 1346 2068 &
1371 2044 1450 2080 437.
1476 2032 1531 2067 sed
1557 2030 1778 2081 consequitur
1798 2033 1896 2071 etiam
1913 2045 1973 2081 pet
1997 2035 2084 2070 viam

1121 2080 1316 2116 retentionis
1344 2080 1495 2128 pignoris
1517 2108 1527 2122 ‚
1551 2080 1713 2128 fiquidem
1741 2081 1909 2117 secundus
1930 2083 2083 2119 creditor

1120 2129 1299 2177 praefertur
1313 2129 1421 2176 primo
1436 2131 1468 2162 in
1483 2129 1629 2176 pignore
1640 2155 1651 2171 ‚
1669 2129 1769 2176 quod
1783 2129 1840 2164 fibi
1856 2129 1973 2166 datum
1996 2131 2044 2165 est
2062 2131 2084 2166 ‘a

1119 2178 1274 2213 debitore
1298 2203 1308 2217 ,
1334 2177 1415 2224 quia
1436 2176 1606 2212 secundus
1630 2177 1783 2213 creditor
1805 2189 1875 2213 non
1896 2178 1990 2215 aliter
2013 2190 2084 2214 cre·

1118 2224 1274 2266 didisset,
1296 2225 1330 2259 δε
1352 2224 1500 2272 aequitas
1523 2235 1725 2260 mercaturae
1740 2237 1814 2263 non
1843 2226 1980 2263 videtur
1995 2227 2084 2263 tole-

1119 2285 1190 2308 rare
1201 2301 1211 2315 ‚
1232 2272 1329 2321 quod
1356 2283 1522 2308 remaneat
1538 2272 1707 2320 deceptus
1722 2301 1732 2315 ‚
1757 2275 1884 2310 Strach.
1900 2275 1943 2308 de
1958 2276 2083 2313 decan.

1117 2325 1169 2356 tit.
1197 2326 1252 2370 qui
1266 2332 1334 2369 pot.
1359 2324 1391 2355 in
1410 2320 1480 2356 bon.
1505 2320 1627 2356 decoet.
1644 2322 1795 2357 habeam.
1813 2333 1899 2356 num.
1923 2334 1974 2357 n.
1992 2334 2034 2359 to.
2048 2325 2084 2358 6.

1113 2381 1190 2418 par.
1222 2383 1250 2404 1.
1265 2369 1333 2417 fol.
1355 2369 1432 2415 328.
1456 2370 1491 2405 δε
1512 2369 1656 2404 Hebraei
1679 2381 1748 2405 non
1769 2370 1864 2404 aliter
1885 2370 1990 2406 essent
2017 2370 2085 2408 tuti

1118 2420 1150 2452 in
1175 2418 1320 2465 pignore
1338 2443 1348 2459 ‚
1371 2416 1429 2452 nisi
1455 2418 1696 2465 praeferrentur
1723 2418 1946 2454 anterioribus
1973 2419 2085 2454 credi-

1119 2467 1263 2502 toribus.

1167 2514 1313 2550 Declara
1340 2513 1446 2562 primo
1470 2512 1556 2547 hanc
1570 2512 1794 2549 extensionem
1809 2542 1819 2558 ,
1838 2526 1878 2552 ut
1894 2524 2008 2552 totum
2024 2514 2060 2551 id
2071 2543 2082 2558 ,
2096 2528 2167 2565 439

1120 2563 1215 2610 quod
1246 2560 1398 2597 creditor
1436 2561 1595 2597 retineret
1619 2588 1629 2602 ,
1669 2561 1726 2596 seu
1761 2564 1992 2612 compensaret
2020 2576 2084 2611 pro

1118 2620 1282 2657 computo
1314 2610 1451 2646 alterius
1474 2636 1484 2651 ,
1511 2609 1570 2645 seu
1594 2610 1734 2645 aliorum
1756 2638 1766 2652 ‚
1798 2621 1951 2649 teneatur
1974 2612 2084 2648 distri-

1116 2659 1221 2693 buere
1244 2657 1287 2693 ad
1315 2669 1414 2694 ratam
1434 2685 1444 2699 ‚
1474 2668 1513 2693 ut
1535 2659 1692 2695 Genuen.
1709 2660 1793 2706 stat.
1818 2661 1877 2696 lib.
1892 2676 1927 2703 ⁴·
1943 2674 2032 2704 c.14.
2046 2664 2084 2696 in

1110 2706 1180 2751 fine
1207 2709 1306 2741 initii.

1168 2753 1387 2802 Exemplifica
1412 2754 1549 2790 eandem
1584 2755 1805 2791 extenfionem
1829 2784 1838 2798 ‚
1868 2760 1904 2794 δε
1937 2758 2085 2793 declara-

1120 2802 1261 2837 tionem.
1288 2803 1347 2838 Tu
1362 2803 1483 2839 dedisti
1503 2803 1584 2838 mihi
1607 2804 1721 2839 scutos
1741 2817 1815 2839 100.
1831 2805 1874 2840 ad
1893 2807 2059 2842 cambium
2073 2831 2084 2847 ‚

1121 2851 1178 2885 sed
1203 2851 1235 2884 in
1261 2850 1325 2887 isto
1351 2852 1485 2886 cambio
1506 2851 1608 2886 habes
1633 2851 1763 2887 nudum
1790 2865 1911 2889 nomen
1929 2864 2057 2890 tantum
2073 2879 2085 2894 ‚

1120 2910 1196 2933 cum
1223 2909 1302 2933 vere
1328 2899 1454 2946 spefket
1480 2899 1522 2933 ad
1553 2900 1689 2934 Petrum
1707 2927 1716 2940 ,
1742 2901 1776 2934 &
1799 2903 1937 2950 quando
1963 2901 2086 2937 dedisti

1120 2947 1201 2980 mihi
1222 2947 1265 2982 ad
1284 2949 1449 2982 cambium
1467 2974 1477 2987 ‚
1506 2957 1576 2994 eg‘o
1600 2946 1665 2981 feci
1692 2947 1818 2983 litteras
1843 2950 1962 2985 cambii
1980 2977 1989 2992 ,
2009 2949 2087 2996 qui-

1121 2996 1186 3029 bus
1210 2994 1363 3029 mandavi
1395 2995 1493 3030 Titio
1511 3022 1521 3035 ,
1542 3006 1581 3031 ut
1611 2994 1719 3030 diei-os
1739 2995 1854 3032 scutos
1882 3011 1959 3034 100.
1986 2999 2031 3032 fic
2053 3008 2087 3032 te

1123 3043 1263 3088 jubente
1293 3070 1304 3084 ,
1332 3043 1476 3078 solveret
1499 3043 1681 3077 Francilco
1711 3056 1724 3087 3
1750 3045 1841 3079 unde
1867 3058 1932 3081 nec
1958 3056 1997 3081 tu
2025 3045 2087 3094 qui

1121 3090 1242 3124 dedisti
1268 3091 1310 3125 ad
1339 3091 1507 3126 cambium
1526 3118 1536 3131 ,
1558 3102 1621 3125 nec
1645 3091 1842 3127 Franciscus
1859 3120 1869 3135 ‚
1890 3093 1945 3128 cui
1963 3095 2088 3129 litterae

1122 3138 1295 3174 solvendae
1322 3139 1396 3174 sunt
1413 3166 1422 3180 ‚
1447 3138 1578 3174 habetis
1602 3138 1692 3173 aliud
1709 3167 1718 3181 ‚
1744 3153 1842 3189 quam
1872 3141 2000 3176 nudum
2027 3142 2088 3176 mi·

1123 3186 1291 3221 nisterium
1308 3213 1317 3226 ‚
1345 3186 1399 3221 seu
1423 3198 1543 3221 nomen
1566 3197 1575 3220 ε
1600 3186 1726 3223 Evenit
1754 3190 1869 3235 postea
1884 3217 1894 3231 ,
1917 3189 2015 3237 quod
2030 3201 2089 3223 an-

1123 3245 1259 3282 tequam
1274 3234 1391 3269 Titius
1406 3246 1497 3269 meus
1515 3235 1736 3270 mandatarius
1755 3238 1988 3283 acceptaverit
2001 3248 2090 3271 meas

1122 3283 1249 3317 litteras
1267 3309 1276 3322 ,
1295 3282 1350 3317 seu
1366 3294 1542 3330 antequam
1559 3282 1737 3318 Francisco
1762 3283 1898 3320 solverit
1913 3311 1923 3326 ,
1940 3285 2061 3320 Petrus
2076 3311 2086 3326 ,

1122 3330 1165 3365 ad
1188 3341 1288 3378 quem
1311 3357 1320 3369 ,
1345 3341 1383 3365 ut
1409 3331 1476 3364 dixi
1502 3356 1513 3371 ,
1543 3330 1686 3377 speflant
1714 3331 1795 3365 dieti
1827 3332 1915 3369 scuti
1947 3345 2026 3368 100.
2053 3333 2090 3367 &

1122 3389 1241 3413 eorum
1263 3377 1430 3412 cambium
1447 3405 1457 3419 ,
1483 3380 1517 3413 dc
1539 3378 1665 3412 utilitas
1679 3404 1689 3418 ‚
1717 3379 1756 3413 fit
1780 3378 1922 3416 effestus
1935 3393 2004 3416 non
2024 3380 2089 3414 sol-

1124 3426 1249 3465 vendo,
1263 3426 1296 3460 ὅ(
1312 3425 1557 3473 consequenter
1572 3425 1771 3461 Franciscus
1785 3439 1856 3463 non
1871 3427 1970 3475 posfit
1989 3429 2007 3463 ὲ
2026 3426 2092 3463 Ti-

1124 3474 1174 3508 tio
1193 3474 1327 3518 exigere
1341 3499 1350 3514 ‚
1367 3473 1409 3507 sic
1426 3472 1625 3520 disponente
1631 3474 1767 3518 statuto,
1786 3478 1875 3524 infra
1892 3481 1993 3511 citato
2007 3502 2016 3517 ‚
2031 3475 2089 3511 sed
2137 3478 2146 3485 “

1125 3520 1222 3568 poslit
1245 3520 1349 3555 solum
1365 3548 1375 3562 ,
1394 3523 1427 3556 δι
1453 3532 1605 3556 teneatur
1620 3523 1794 3567 protestari
1819 3525 1947 3559 litteras
1969 3532 2088 3558 contra
2111 3534 2126 3549 t

1124 3580 1195 3610 me,
1210 3568 1268 3616 qui
1283 3580 1336 3602 eas
1351 3569 1474 3615 scripsi,
1488 3569 1542 3603 sed
1558 3578 1608 3609 tu.
1626 3569 1685 3615 qui
1702 3570 1782 3604 mihi
1796 3571 1917 3605 dedisti
1939 3570 2087 3610 cambio,

1124 3617 1208 3650 bene
1225 3616 1353 3662 poteris
1368 3618 1501 3663 exigere
1513 3618 1529 3650 a
1546 3614 1645 3651 Titio
1660 3628 1735 3652 meo
1752 3620 1972 3659 mandatario,
1988 3616 2009 3650 fi
2032 3626 2089 3651 ve-

1122 3665 1161 3699 lit
1184 3676 1244 3699 eos
1261 3664 1390 3699 solvere
1401 3690 1411 3706 ,
1432 3665 1486 3698 vel
1499 3675 1613 3710 exiges
1626 3664 1645 3698 a
1661 3676 1714 3699 me
1726 3665 1821 3712 ips05
1835 3669 1868 3701 δε
1890 3665 2030 3714 quando
2046 3674 2087 3697 tu

1985 3721 2094 3750 remae
