2400 3939
831 153 883 220 §.
916 149 998 208 11.
1033 144 1212 210 Gloff.
1246 147 1323 207 V.

128 237 346 274 restitutionis
369 233 533 270 deficiunt
555 232 589 267 in
615 234 730 270 valore
755 234 842 271 scuti
856 261 865 275 ‚
888 235 969 280 quia
994 235 1015 268 fi
1035 235 1088 269 ille

129 286 244 321 scutus
271 295 420 331 tempore
450 282 670 316 restitutionis
693 295 763 318 non
783 282 933 318 valuisset
962 282 1088 317 solidos

130 346 188 378 94.
214 333 270 369 sed
297 330 449 368 valuisset
470 328 596 363 solidos
610 331 667 373 98.
691 341 728 364 tu
753 330 876 377 ntique
897 331 997 364 velles
1018 331 1089 364 scu-

133 378 204 416 tum
231 379 419 427 simpliciter
436 404 446 419 ,
471 378 504 412 δε
532 377 637 411 nolles
667 379 839 413 restituere
861 377 936 412 illos
964 377 1089 413 solidos

133 442 166 472 4.
193 429 253 476 qui
275 427 446 475 supersunt
471 438 479 460 :
502 436 585 470 ergo
606 435 645 458 tu
669 438 737 460 non
761 436 860 472 potes
885 436 999 470 peiere
1019 453 1028 466 ‚
1048 435 1089 459 ut

132 476 352 511 mutuatarius
372 475 458 508 ultra
475 472 606 506 scutum
630 474 747 509 reddat
769 473 828 508 tibi
845 473 971 507 solidos
993 487 1025 516 4.
1049 472 1089 506 fi-

133 523 270 572 quidem
297 535 334 559 tu
357 533 426 557 non
447 520 629 567 postulares
648 521 852 556 contrarium
868 548 877 561 ‚
894 532 1014 566 nempe
1027 548 1035 561 ,
1054 531 1089 556 ut

132 571 357 613 mutuatarius
375 582 415 604 ex
437 568 536 602 scuto
564 569 696 602 valente
714 569 839 604 solidos
858 569 916 612 98.
936 571 1090 603 retineret

133 608 262 654 solidos
284 631 316 661 4.
341 620 374 653 δε
391 617 460 652 hoc
476 616 522 649 est
539 642 547 655 ,
567 616 664 662 quod
690 617 748 651 sub
764 617 833 650 aliis
853 616 962 651 verbis
980 616 1090 650 scribit

106 708 111 711 ³
135 667 227 705 Abb.
245 670 277 701 in
301 668 335 701 d.
357 678 429 714 cap.
449 664 567 712 qu'anto
577 665 641 711 sub
664 677 749 699 num.
777 678 827 699 iz.
851 665 897 698 ibi
916 690 925 704 ‚
948 665 1092 710 secundo

5 944 7 950 χ
56 922 113 958 ¹5¹

136 718 225 763 casu.
247 716 289 750 de
307 719 488 758 jurejuran.
513 711 568 746 seu
593 713 684 746 dicas
704 739 715 753 ‚
742 713 840 760 quod
868 712 1004 747 debitor
1024 724 1093 746 non

136 763 239 798 debet
261 763 292 796 in
318 762 520 796 creditorem
541 761 590 795 uti
609 771 650 794 eo
667 761 745 805 jure
766 762 866 807 cujus
889 760 1092 794 contrarium

134 821 204 845 tion
224 810 304 845 esset
331 822 393 857 pro
415 809 447 842 se
468 807 540 852 ipso
557 807 755 842 admissurus
777 835 786 848 ,
805 819 845 843 ut
866 808 1043 854 loquendo
1060 807 1093 839 in

131 858 253 895 nostris
278 857 447 896 terminis,
468 856 581 889 scribit
598 861 716 891 Annon.
735 857 797 890 Sol.
817 857 949 890 ιναὲἶαι.
969 856 1010 889 de
1027 867 1094 888 mo-

133 917 196 940 net.
213 907 340 952 cafi24.
355 916 484 940 numero
497 905 528 936 8.
544 906 568 949 †
586 905 618 937 &
633 905 713 947 huic
729 904 893 939 dostrinae
911 903 995 937 bene
1007 901 1093 936 affo-

133 953 213 988 ciari
237 955 346 1000 potest
368 957 492 986 morale
511 952 594 985 illud
617 978 626 992 ,
650 953 683 985 δι
708 952 914 986 catholicum
938 962 1092 996 praecep-

133 1010 205 1036 tum
230 1028 239 1043 ,
267 1001 364 1049 quod
388 1012 454 1034 non
480 999 602 1034 debeat
629 1001 704 1046 quis
723 1002 766 1034 ab
790 1000 858 1034 alio
886 1000 1058 1045 requirere
1084 1024 1093 1037 ‚

132 1049 231 1096 quod
254 1049 322 1096 ipse
346 1049 452 1083 nollet
475 1059 533 1092 per
554 1047 652 1080 alium
667 1049 684 1081 ὲ
702 1047 733 1080 se
750 1047 887 1094 requiri,
901 1047 981 1094 quia
995 1046 1093 1094 quod

132 1097 193 1134 tibi
214 1110 284 1133 non
317 1097 364 1130 vis
384 1095 453 1129 fieri
481 1121 491 1135 ‚
522 1095 615 1129 alteri
643 1107 685 1129 ne
709 1095 827 1130 feceris
851 1122 860 1136 ,
883 1097 906 1130 1.
938 1107 964 1128 ι.
990 1096 1023 1132 &
1047 1093 1093 1129 ibi

132 1146 231 1181 Paul.
250 1146 292 1179 de
316 1144 417 1190 castr.
435 1143 572 1188 nu.3.ff.
587 1143 739 1189 desolut.
764 1147 816 1191 jus
833 1143 918 1177 enim
943 1143 1094 1177 naturale

133 1193 288 1229 continet
309 1193 381 1227 duo
403 1201 596 1237 praecepta,
614 1190 665 1225 his
683 1192 821 1226 duobus
842 1191 990 1230 versibus
1009 1203 1092 1225 con-

133 1240 233 1275 clusa.

180 1288 286 1336 Qod
311 1287 373 1322 tihi
401 1289 456 1321 vis
473 1284 554 1326 fieri
573 1315 582 1330 ‚
609 1288 689 1322 mihi
713 1289 778 1334 fac
803 1300 817 1332 ;
850 1287 934 1335 quod
958 1300 1019 1322 non
1048 1291 1093 1322 ti-

131 1335 166 1372 bi
185 1362 195 1378 ,
219 1338 285 1370 noli
308 1347 315 1368 :

235 1386 286 1418 sic
311 1394 402 1430 potes
426 1386 459 1417 in
479 1387 580 1418 terris
611 1388 728 1419 vivere
749 1387 825 1427 jure
847 1385 927 1430 poli.

134 1431 189 1468 Gl.
201 1446 227 1467 1.
249 1436 281 1465 in
299 1432 395 1466 verbo
409 1457 418 1471 ‚
443 1433 718 1479 ordinatiffimam.
736 1435 765 1478 ξ.
783 1432 845 1466 haec
857 1432 979 1477 sancia
1000 1433 1094 1463 trini-

134 1491 197 1516 tas.
215 1493 280 1515 c.i.
297 1480 434 1526 desum.
452 1483 592 1514 trinitat.
612 1483 645 1515 &
665 1482 805 1514 habetur
827 1479 986 1525 Maiihq·
1006 1491 1092 1512 num-

138 1540 193 1563 υ.
207 1530 239 1562 &
254 1528 352 1561 retuli
369 1529 397 1572 ς’.
415 1528 738 1576 praeceden.quaest.7.
760 1529 966 1576 ampliamo.
981 1527 1048 1573 sub
1064 1539 1094 1560 n.

122 1588 194 1619 4¹·
219 1575 310 1610 unde
332 1576 415 1609 ficut
443 1585 613 1611 niutuator
631 1577 761 1611 lucrum
779 1602 789 1616 ‚
818 1575 914 1624 quod
936 1576 1094 1621 procedit

135 1625 177 1658 ab
204 1635 388 1670 augmento
416 1623 503 1657 scuti
526 1625 672 1659 mutuati
690 1651 700 1665 ,
725 1625 829 1658 nollet
856 1623 913 1658 fibi
939 1622 1060 1656 auferri
1082 1649 1092 1663 ‚

136 1672 184 1706 ita
204 1672 303 1707 etiam
327 1670 393 1717 ipse
415 1671 545 1706 auferre
577 1685 645 1706 non
677 1673 779 1707 debet
800 1672 929 1706 lucrum
956 1697 965 1711 ‚
997 1671 1095 1717 quod

137 1731 278 1768 propter
304 1719 559 1754 diminutionem
586 1720 723 1755 videtur
753 1718 902 1754 habuisse
929 1730 1093 1752 mutuara-

137 1767 204 1802 rius
226 1781 239 1811 ;
263 1778 370 1815 quare
392 1767 564 1802 concludo
583 1795 592 1808 ‚
619 1768 717 1816 quod
745 1767 881 1802 debitor
899 1779 965 1802 non
990 1767 1093 1801 debet

136 1815 254 1852 sentire
274 1817 490 1850 commodum
518 1816 602 1850 lucri
631 1843 641 1856 ,
668 1829 746 1863 quia
774 1816 878 1850 nollet
904 1815 1021 1848 sentire
1045 1827 1091 1848 in-

134 1865 353 1899 commodum
378 1864 486 1898 damni
511 1876 524 1907 3
550 1865 583 1898 δι’,
611 1864 629 1898 ἐ
659 1864 822 1900 converso
846 1863 998 1897 creditor
1025 1875 1094 1896 non

131 1911 236 1948 debet
263 1911 382 1957 fugere
412 1911 568 1945 damnum
589 1939 598 1953 ‚
635 1913 714 1960 quia
743 1911 847 1947 nollet
873 1911 1012 1958 perdere
1040 1912 1089 1944 lu-

131 1971 224 1994 crum
259 1974 271 2004 ς
305 1960 373 1993 hoc
405 1959 490 1993 enim
521 1959 622 1994 debet
655 1961 842 2004 procedere
873 1962 904 1993 in
937 1959 1093 1993 omnibus

129 2009 260 2042 casibus
288 2035 296 2046 ,
327 2007 386 2054 qui
420 2006 566 2051 pendent
601 2009 619 2042 a
653 2008 772 2043 futuro
803 2006 955 2042 fortunae
989 2019 1086 2041 even-

135 2067 173 2092 tu
189 2064 199 2097 ;
225 2058 257 2091 ὅ(
283 2057 326 2091 sic
347 2056 389 2090 ad
407 2055 610 2092 creditorem
635 2056 738 2092 debet
752 2084 762 2099 ,
782 2067 820 2090 ut
838 2057 906 2090 dixi
923 2082 930 2097 ‚
949 2055 1093 2102 spectare

134 2114 330 2153 utrumque.

182 2152 265 2188 Non
293 2151 401 2188 obstat
432 2151 513 2186 huic
545 2149 785 2193 conclusioni,
821 2151 917 2199 quod
945 2152 1093 2186 scribunt

132 2206 198 2237 Sat.
222 2202 264 2236 de
282 2203 355 2246 just.
381 2198 416 2236 (θ’
433 2204 496 2243 jur.
524 2200 582 2236 lib.
597 2203 628 2233 6.
657 2201 759 2246 quaest.
784 2213 811 2234 i.
829 2201 962 2234 articul.
979 2213 1009 2236 2.
1027 2200 1088 2234 col.

136 2262 190 2285 10.
217 2250 284 2290 ihi,
309 2260 416 2283 tomra
437 2249 519 2282 hanc
541 2249 826 2293 autem.fol.537.
849 2250 882 2285 ὢ
908 2249 1010 2295 quaest.
1038 2260 1087 2293 ia..

130 2301 227 2332 artic.
250 2310 276 2331 ι.
293 2298 428 2344 conclus.
449 2309 478 2328 2.
497 2296 556 2330 col.
586 2309 616 2329 2.
638 2299 673 2329 in
690 2295 761 2333 fine.
775 2297 841 2343 fol.
861 2298 939 2337 614.
959 2297 992 2331 (9'
1009 2298 1090 2331 Carss

130 2345 200 2379 din.
226 2344 327 2380 Tolet.
352 2345 394 2377 de
414 2343 705 2391 instruff.sacerd.
733 2344 789 2378 lib.
821 2355 850 2389 5.
870 2355 940 2391 cap.
969 2357 1023 2389 34.
1046 2343 1090 2377 de

130 2393 202 2429 aliis
226 2393 330 2429 causis
355 2391 536 2438 exigendi,
566 2394 632 2427 &a
651 2392 706 2433 sub
730 2405 814 2426 num.
839 2405 870 2426 2.
897 2394 984 2439 vers.
1005 2393 1088 2426 alte-

130 2452 203 2476 rum
222 2441 275 2487 est.
293 2440 427 2481 dicens,
444 2440 542 2487 quod
565 2441 586 2474 si
607 2441 684 2488 quis
703 2451 871 2475 mutuaret
892 2440 992 2475 alicui
1013 2451 1089 2474 cen-

133 2499 204 2524 tum
224 2500 344 2523 aureos
362 2514 371 2528 ‚
399 2488 544 2523 valentes
564 2499 716 2534 tempore
740 2487 848 2521 mutui
874 2487 988 2522 scutos
1012 2500 1089 2522 cen-

132 2545 202 2571 tuin
232 2537 265 2570 &
298 2537 416 2571 decem
445 2547 622 2582 argenteos
653 2535 695 2569 ad
729 2537 891 2570 rationem
917 2536 1087 2579 Juliorum

133 2585 289 2620 undecim
315 2596 376 2630 pro
411 2583 509 2619 scuto
547 2597 649 2619 aureo
677 2611 686 2624 ‚
717 2585 750 2618 ὃς
781 2583 903 2618 deinde
929 2584 1089 2630 Princeps

131 2643 273 2680 augeret
300 2634 444 2668 valorem
469 2632 553 2668 scuti
573 2632 662 2666 aurei
689 2633 731 2667 ad
760 2645 811 2673 ¹4·
836 2632 1087 2678 julios·argen-

132 2690 207 2716 teos
224 2706 234 2722 ‚
257 2680 478 2714 mutuatarius
500 2691 670 2715 teneretur
691 2681 866 2724 restituere
880 2692 951 2714 non
973 2680 1089 2714 scutos

135 2742 148 2762 ι
162 2741 213 2763 to.
229 2739 347 2764 aureos
365 2755 374 2769 ‚
391 2728 451 2775 qui
470 2738 620 2774 tempore
638 2728 856 2763 restitutionis
877 2727 1089 2762 constituunt

131 2764 244 2812 seinos
273 2789 349 2818 ¹40·
372 2787 573 2822 argenteos,
596 2776 652 2811 sed
681 2788 850 2812 teneretur
876 2777 980 2812 solum
1001 2775 1089 2810 resti-

132 2835 228 2860 tuere
250 2835 303 2859 tot
325 2823 439 2859 sentos
460 2837 579 2859 aureos
594 2852 603 2865 ,
626 2825 686 2872 qui
710 2826 915 2859 conllituant
934 2823 1088 2858 suminam

132 2872 302 2907 scutorum
322 2884 393 2907 100.
413 2884 647 2919 argenteorum
660 2900 669 2913 ,
684 2885 765 2918 pnta
786 2873 927 2919 scut.79.
945 2883 1089 2913 aureos,

133 2922 167 2955 ὅ(
198 2921 309 2963 Julios
331 2923 361 2954 6.
388 2921 468 2968 quia
501 2921 577 2954 haec
603 2921 639 2956 fit
665 2920 849 2955 differentia
878 2922 963 2954 inter
989 2932 1090 2965 pecu-

133 2968 217 3002 niam
237 2995 246 3010 ,
275 2970 308 3003 ὅ(
325 2970 402 3003 alias
424 2981 473 3003 res
490 2996 499 3009 ,
523 2978 561 3002 ut
583 2969 682 3004 aufto
707 2968 817 3014 pretio
840 2968 996 3014 pecuniae
1010 2995 1020 3007 ‚
1039 2968 1090 3001 di-

134 3027 231 3050 catur
254 3027 380 3051 mutata
403 3017 545 3062 pecunia
561 3043 570 3057 ,
592 3017 646 3050 sed
667 3017 769 3051 aneio
793 3017 903 3062 pretio
923 3016 967 3050 rei
987 3041 996 3056 ‚
1023 3028 1091 3050 non

135 3063 269 3098 dicatur
292 3076 415 3100 mutata
438 3077 489 3100 res
509 3078 518 3100 ε
538 3066 572 3099 δε
596 3065 699 3112 hoc(
722 3065 833 3110 inquit
855 3066 871 3109 )
899 3064 1056 3109 procedit
1080 3091 1089 3105 ,

135 3112 275 3159 quando
301 3123 472 3149 mutuator
497 3125 566 3147 non
594 3113 678 3160 petit
702 3139 711 3153 ‚
736 3112 791 3145 libi
819 3111 888 3146 dari
913 3112 944 3145 in
977 3112 1091 3146 eadem

136 3161 272 3194 materia
294 3187 304 3201 ,
331 3161 361 3194 in
381 3173 448 3207 qua
475 3172 606 3196 mutuat
627 3187 636 3202 ‚
663 3161 732 3194 five
760 3160 866 3193 minus
889 3186 897 3201 ,
924 3160 990 3193 five
1017 3161 1092 3206 plus

137 3209 266 3249 valeat,
282 3208 362 3255 quia
380 3209 401 3242 fi
417 3219 548 3254 peteret
567 3209 637 3244 dari
658 3209 690 3243 in
710 3207 825 3243 eadem
845 3208 991 3248 materia,
1008 3219 1092 3242 tunc

136 3255 217 3291 ellet
241 3256 374 3297 danda,
395 3256 462 3291 five
480 3257 597 3291 auctus
618 3283 627 3298 ‚
651 3257 718 3291 five
740 3257 886 3290 minutus
901 3254 980 3290 esset
1000 3256 1092 3290 valor

116 3333 120 3338 .
136 3305 304 3350 pecuniae.

186 3352 281 3396 Quia
293 3352 465 3400 quicquid
482 3353 557 3388 Sot.
571 3353 606 3387 ὅ(
619 3351 721 3386 Card.
739 3349 861 3388 Tolet.
877 3350 910 3385 in
924 3351 993 3388 hoc
1010 3363 1092 3388 con-

131 3398 210 3435 fuse
230 3401 365 3446 potius,
387 3413 488 3449 quam
507 3399 666 3435 accurate
683 3399 879 3445 scripserint,
896 3411 963 3434 non
982 3399 1090 3434 confi-

136 3446 289 3483 derantes
307 3449 529 3484 mutationem
545 3449 576 3482 in
595 3447 746 3482 bonitate
763 3447 961 3488 extrinseca,
986 3448 1039 3482 vel
1058 3447 1091 3482 iri

136 3490 287 3531 b'onitate
301 3496 496 3532 intrinseca:
515 3506 627 3544 neque
646 3495 878 3542 exprimentes,
899 3507 938 3530 an
959 3495 1003 3529 illi
1021 3508 1090 3530 roo.

136 3543 228 3576 aurei
247 3544 308 3580 fitit
325 3544 358 3578 in
377 3544 600 3591 obligatione,
621 3543 674 3577 vel
694 3543 731 3577 sit
755 3543 787 3576 in
803 3543 1011 3589 obligatione
1035 3556 1091 3579 eo-

137 3601 209 3625 turn
223 3592 317 3625 valor
331 3617 339 3631 ‚
353 3591 446 3632 dico,
464 3604 582 3628 eorum
602 3590 795 3626 sententiam
810 3603 876 3626 non
892 3589 957 3625 effe
970 3603 1090 3631 veram,

134 3637 194 3673 nisi
207 3638 239 3672 in
257 3638 353 3681 casu,
371 3651 445 3687 quo
457 3651 628 3676 mutuator
644 3649 776 3674 mutuat
797 3638 910 3675 scutos
931 3650 1002 3675 110.
1017 3651 1091 3675 rno-

1989 175 2098 230 357

1137 248 1226 271 netae
1244 237 1278 270 in
1300 235 1402 270 scutis
1420 234 1526 269 aureis
1545 247 1558 278 3
1576 235 1670 271 secus
1690 237 1711 270 fi
1731 248 1863 273 mutuat
1883 238 1998 274 scutos
2019 252 2097 275 100·

1137 296 1257 319 aureos
1271 311 1279 324 ‚
1302 295 1361 330 per
1382 296 1421 318 ea
1435 310 1445 324 ‚
1465 294 1546 330 quae
1573 282 1680 330 scripsi
1705 287 1792 331 infra
1807 299 1890 320 num.
1913 289 1986 329 184.
2011 289 2097 335 veis

1129 332 1294 377 secundus
1315 334 1420 378 casus.
1439 332 1474 367 &⁸
1494 331 1609 374 n.i85.
1635 333 1720 383 v‘ff·
1740 335 1853 378 insero.
1878 336 1935 367 ubi
1955 335 2068 369 videas
2087 346 2100 376 ;

1145 380 1199 413 vel
1221 380 1279 413 nisi
1302 379 1382 413 esset
1406 378 1488 413 faeta
1509 379 1652 414 mutatio
1675 390 1706 412 in
1724 380 1876 415 bonitate
1893 381 2066 417 intrinseca
2089 409 2099 423 ,

1144 429 1176 462 δε
1203 427 1398 461 nominatim
1428 437 1546 461 contra
1570 431 1634 461 Sor.
1655 429 1760 473 fiaepra
1789 429 1928 462 citatum
1950 456 1959 470 ,
1987 442 2101 476 repro-

1143 475 1256 509 bando
1284 473 1507 509 differentiam
1520 499 1530 514 ‚
1555 485 1655 520 quam
1672 473 1833 521 assignant
1847 475 1932 510 inter
1947 480 2100 512 mutuum

1145 523 1300 569 pecuniae
1317 549 1327 564 ,
1350 523 1382 557 &
1402 532 1557 556 mutuum
1574 521 1707 556 aliarum
1730 533 1838 556 rerum
1851 550 1861 564 ,
1879 524 1985 558 firmat.
2005 528 2100 560 Joan.

1145 573 1253 604 Azor.
1273 570 1316 604 de
1334 570 1465 613 institut.
1481 569 1597 602 moral.
1615 581 1725 615 parq.
1741 570 1860 604 libao.
1873 574 1923 605 tit.
1942 571 1984 606 a'e
1997 575 2102 608 camb.

1145 620 1252 665 >ap.7.
1277 618 1414 665 questa.
1430 618 1464 653 (5
1481 619 1568 663 vers.
1583 617 1647 651 haec
1664 630 1714 663 qu.
1730 619 1877 665 col.875.

1193 666 1312 701 Minus
1328 666 1436 699 obstat
1451 690 1460 705 ‚
1478 665 1574 711 quod
1594 663 1681 698 idem
1697 668 1804 699 Azor.
1823 667 2101 712 d.par.3.li.4.tit.

1146 715 1188 748 de
1205 716 1336 759 institut.
1353 722 1484 760 cap.35.
1501 712 1640 757 quaest.3.
1657 714 1691 748 ὠ
1708 716 1874 761 vcrfiseq.
1889 715 2033 759 col.328.
2054 715 2104 749 di-

1147 773 1202 796 cat
1218 788 1227 802 ,
1247 760 1486 796 constituendo
1509 758 1726 793 differentiam
1745 760 1827 796 inter
1852 763 2027 808 pecuniam
2044 763 2104 797 de-

1147 810 1285 855 positam
1311 835 1320 849 ,
1355 807 1510 842 transsato
1534 807 1684 842 dominio
1715 807 1748 841 in
1770 809 2006 855 depositarium
2030 837 2040 852 ‚
2064 820 2104 846 ut

1149 869 1231 891 tunc
1254 866 1471 902 augmentum
1484 881 1494 896 ,
1514 855 1548 889 &
1565 853 1744 889 diminutio
1764 855 1887 902 spectet
1908 858 1949 892 ad
1970 859 2105 904 depoli-

1148 905 1264 940 tarium
1289 905 1478 938 debitorem
1505 929 1514 944 ‚
1542 904 1576 936 &
1605 903 1779 948 pecuniam
1803 905 1949 939 debitam
1973 917 2012 939 ex
2037 907 2104 942 alio

1148 953 1332 991 contrastu.
1348 963 1383 987 ut
1398 963 1482 987 tunc
1496 961 1724 997 augmentum,
1738 953 1770 986 ὅ(
1788 952 1967 988 diminutio
1981 954 2105 1000 speftet

1147 1001 1189 1034 ad
1215 1000 1429 1034 creditorem.
1857 1015 1860 1019 ’

1196 1048 1290 1091 Quia
1309 1047 1507 1094 respondeo,
1524 1046 1622 1094 quod
1636 1045 1667 1080 se
1680 1047 1785 1094 ipsum
1803 1047 2104 1095 conquassat,'cum

1146 1096 1309 1142 ejusmodi
1331 1095 1520 1141 depositum
1542 1094 1694 1140 suscipiat
1716 1105 1867 1128 naturam
1889 1097 1999 1133 mutui
2026 1124 2036 1139 ‚
2069 1099 2103 1133 δε

1145 1143 1212 1189 ipse
1233 1144 1264 1178 iri
1283 1154 1406 1178 mutuo
1428 1142 1521 1176 dicat
1541 1143 1744 1177 contrarium
1764 1170 1772 1182 ,
1794 1154 1895 1189 prout
1911 1155 1988 1180 eum
2005 1146 2103 1181 retuli

1144 1192 1203 1226 sol.
1222 1195 1298 1240 sup.
1323 1192 1437 1232 n.i48.
1457 1191 1490 1224 ὃς
1509 1190 1566 1224 hic
1593 1202 1712 1225 contra
1732 1191 1853 1224 Sotum
1872 1204 1884 1234 3
1907 1192 1940 1226 &
1962 1193 2103 1234 ulterius

1144 1241 1266 1274 nullam
1290 1239 1427 1287 assignet
1453 1266 1462 1278 ,
1496 1250 1609 1284 neque
1631 1237 1788 1285 aslignare
1811 1238 1915 1285 fpoffit
1933 1241 2102 1276 ‘rationem

1144 1287 1341 1322 diversitatis
1372 1298 1456 1321 inter
1485 1286 1660 1332 pecuniam
1696 1287 1847 1321 debitam¹
1873 1299 1912 1321 ex
1943 1289 2102 1335 depofito

1145 1347 1222 1369 cum
1243 1335 1454 1370 transsatione
1465 1333 1606 1369 doniuii
1621 1361 1629 1374 ,
1649 1335 1682 1369 ὃς
1700 1336 1877 1380 pecuniam
1896 1336 2042 1371 debitam
2061 1349 2102 1372 ex

1144 1384 1319 1417 contra-flu
1345 1382 1480 1423 mutui,
1505 1381 1560 1416 seu
1583 1382 1874 1425 ali0,c0ntra5tu;‘
1906 1412 1910 1415 .
1931 1386 1935 1389 “

1193 1430 1353 1465 Minnsve
1373 1431 1503 1472 obstat,
1526 1430 1624 1478 quod
1644 1430 1756 1469 scribit
1781 1429 1892 1472 Thom.
1911 1434 2047 1481 Parpal.
2068 1437 2102 1469 in

1143 1481 1167 1512 l.
1187 1493 1256 1512 cum
1279 1479 1438 1527 quidsub
1452 1491 1563 1525 'uf-27·
1579 1479 1714 1520 eones-4.
1725 1478 1767 1523 ff.
1791 1479 1814 1517 li
1829 1491 1907 1514 cert.
1922 1492 1989 1527 pet.
2018 1484 2102 1518 inter

1142 1531 1254 1572 Repet.
1270 1539 1310 1560 ιο.
1329 1528 1497 1575 2.f0'l.52.
1520 1527 1636 1560 dicens
1657 1537 1697 1559 ex
1721 1526 1881 1561 sententia
1903 1528 2102 1564 Canonista-

1142 1587 1213 1608 runi
1231 1602 1238 1612 ,
1257 1576 1354 1622 quod
1378 1575 1436 1608 ubi
1451 1585 1594 1620 pecunia
1612 1574 1735 1616 minuta
1759 1575 1805 1612 est
1823 1586 1951 1611 mutata
1968 1577 1999 1611 in
2014 1578 2101 1612 aesti-

1143 1623 1309 1664 matione,
1334 1633 1415 1671 puta
1429 1650 1438 1663 ‚
1458 1622 1538 1669 quia
1554 1631 1710 1669 tempore
1726 1623 1918 1659 contractus
1940 1626 2101 1661 cavallot-

1143 1682 1197 1706 tus
1221 1673 1352 1705 valebat
1376 1671 1480 1706 tribus
1504 1669 1619 1717 grosfis
1642 1696 1651 1711 ‚
1681 1671 1714 1704 ὅ(
1741 1669 1845 1705 hodie
1870 1682 2023 1718 tempore
2047 1674 2100 1709 so-

1142 1719 1282 1753 lutionis
1305 1720 1392 1754 valet
1417 1720 1524 1752 minus
1546 1730 1615 1752 uno
1641 1728 1766 1765 quarto
1782 1745 1791 1759 ,
1820 1720 1854 1753 &
1873 1721 2008 1756 debitor
2031 1735 2100 1757 non

1141 1768 1187 1801 eit
1213 1767 1245 1800 in
1272 1780 1386 1805 mora,
1402 1766 1594 1802 vdiminutio
1621 1767 1741 1800 valoris
1763 1765 1876 1803 adhuc
1894 1768 1986 1803 cedit
2009 1770 2099 1804 dam-

1140 1828 1185 1849 no
1211 1815 1498 1861 ipsius-debitoris
1517 1841 1526 1856 ,
1554 1814 1675 1849 testaris
1706 1814 1805 1848 etiarn
1829 1815 1876 1850 ita
1908 1816 2026 1852 servari
2055 1819 2100 1853 de

1141 1864 1397 1898 consuetudine.

1189 1912 1282 1955 Quia
1307 1911 1492 1957 respondeo
1509 1937 1517 1951 ‚
1536 1910 1635 1958 quod
1650 1910 1816 1957 supposita
1836 1912 2023 1948 mutatione
2040 1925 2099 1948 va-

1140 1960 1221 1993 loris
1239 1971 1278 1994 ex
1297 1961 1450 1994 bonitate
1463 1958 1657 2000 intrinseca,
1675 1959 1742 2004 ipse
1756 1959 1925 2006 decipitur
1940 1988 1949 2002 ‚
1966 1963 1999 1996 &
2015 1962 2099 1997 male

1139 2009 1263 2053 allegat
1285 2009 1474 2048 Abbateni,
1493 2019 1570 2041 cum
1593 2017 1704 2042 teneat
1723 2009 1927 2043 contrarium
1951 2020 1987 2044 ut
2005 2020 2099 2056 patet

1139 2069 1179 2089 ex
1202 2057 1251 2089 his
1264 2083 1273 2096 ,
1295 2055 1527 2104 quae‘secutus
1543 2056 1613 2089 sum
1624 2058 1732 2103 supra
1749 2057 1863 2098 n.i48.
1880 2056 2003 2103 junstis
2015 2070 2097 2106 quae

1139 2104 1248 2148 scripsi
1270 2108 1359 2152 infixa
1379 2116 1495 2150 n.t77.

1189 2151 1356 2187 Praeterea
1377 2153 1509 2187 videtur
1525 2150 1556 2184 in
1571 2149 1692 2186 effectu
1715 2152 1770 2186 fibi
1793 2163 1907 2199 parum
1921 2152 2074 2188 constans
2087 2180 2098 2195 ,

1139 2199 1218 2236 dum
1232 2202 1412 2247 posteasub
1428 2200 1499 2233 eod.
1515 2212 1660 2246 num.27.
1675 2202 1777 2235 concl.
1794 2202 1825 2233 6.
1840 2200 1952 2235 scribit
1968 2227 1978 2242 ‚
1997 2203 2096 2248 quod

1137 2248 1238 2283 auem
1263 2249 1372 2295 pretio
1398 2259 1546 2283 monetae
1569 2247 1717 2294 grossae,
1742 2248 1776 2283 id
1800 2249 1875 2289 est,
1903 2250 2060 2296 pretiosae
2085 2277 2096 2292 ‚

1137 2307 1221 2342 puta
1237 2322 1247 2337 ,
1273 2296 1355 2331 scuti
1375 2296 1467 2330 aurei
1490 2295 1617 2342 absque
1641 2296 1726 2332 vitio
1750 2298 1906 2343 pecuniae
1930 2297 2069 2334 minutae
2085 2325 2097 2341 ,

1137 2344 1272 2379 debitor
1301 2344 1400 2380 etiam
1429 2344 1504 2390 post
1531 2355 1657 2378 moram
1685 2356 1752 2379 non
1786 2355 1920 2380 tenetur
1943 2345 1986 2380 ad
2012 2347 2098 2384 illud

1137 2392 1304 2428 inter-else.

1184 2440 1340 2474 Extende
1357 2440 1606 2475 conclufionem
1628 2441 1714 2477 hanc
1734 2442 1874 2490 positam
1897 2441 1956 2477 sol.
1970 2454 2001 2477 n.
2020 2444 2097 2487 148.

1136 2499 1175 2522 ut
1199 2489 1355 2522 damnum
1377 2488 1475 2523 etiam
1494 2489 1526 2522 in
1551 2500 1680 2524 tanturn
1706 2491 1869 2537 pertineat
1886 2491 1929 2525 ad
1953 2492 2098 2526 credito-

1136 2548 1203 2570 rein
1221 2563 1231 2576 ‚
1255 2547 1294 2571 ut
1318 2536 1339 2569 si
1360 2548 1428 2582 ego
1455 2537 1593 2571 debeam
1617 2538 1676 2572 tibi
1700 2539 1817 2573 decem
1845 2538 1943 2573 libras
1966 2537 2099 2584 groffo-

1136 2596 1209 2618 rum
1228 2583 1460 2619 Perusinorum
1476 2611 1485 2626 ,
1508 2586 1541 2619 ὃς
1561 2596 1737 2633 contingat
1758 2614 1767 2627 ‚
1797 2586 1894 2633 quod
1919 2599 1976 2633 per
1994 2588 2099 2622 ssatu-

1137 2643 1205 2668 tum
1225 2632 1412 2668 Perufinum
1430 2633 1503 2669 haec
1526 2645 1660 2668 moneta
1675 2635 1874 2682 reprobetur
1896 2661 1906 2677 ‚
1927 2636 1971 2670 ita
1992 2647 2028 2670 ut
2044 2647 2098 2670 ex-

1136 2681 1236 2727 pendi
1258 2692 1325 2714 non
1348 2680 1446 2725 poffit
1463 2708 1472 2721 ‚
1498 2692 1566 2726 ego
1588 2694 1648 2716 ero
1674 2683 1832 2718 liberatus
1850 2694 1863 2724 ;
1880 2684 2034 2730 quamvis
2049 2695 2098 2718 re-

1136 2740 1281 2762 maneam
1302 2728 1473 2773 obligatus
1493 2731 1536 2763 ad
1559 2730 1781 2775 praestandum
1810 2730 1895 2764 illam
1921 2732 2097 2778 pecuniam

1135 2775 1168 2809 iri
1191 2776 1323 2811 materia
1337 2802 1346 2816 ,
1367 2778 1447 2810 Bar.
1465 2781 1498 2812 in
1513 2779 1535 2811 l.
1550 2790 1579 2823 3.
1598 2779 1682 2825 quod
1699 2790 1740 2814 te.
1760 2782 1829 2814 n.6.
1851 2779 1896 2814 ibi
1910 2806 1919 2821 ‚
1937 2783 2097 2827 ponamus·

1135 2826 1254 2872 casitm.
1272 2825 1315 2870 ff.
1337 2824 1360 2863 Ιὶ
1381 2836 1459 2859 cert.
1473 2837 1538 2873 pet.

1186 2872 1290 2907 Ratio
1307 2873 1366 2912 est,
1383 2873 1464 2919 quia
1477 2885 1545 2920 ego
1565 2874 1632 2909 sum
1652 2873 1785 2911 debitor
1803 2876 1943 2923 speciei,
1959 2874 2016 2909 seu
2039 2885 2097 2921 geo

1136 2921 1222 2956 neris
1243 2920 1418 2955 subalterni
1438 2933 1451 2963 3
1469 2922 1502 2955 &
1523 2922 1662 2969 quando
1683 2925 1768 2968 perit
1790 2924 1926 2970 species,
1944 2924 1996 2958 vel
2012 2923 2097 2968 perit

1137 2981 1248 3004 toturn
1272 2980 1380 3013 genus
1405 2967 1626 3004 subalternum
1645 2970 1708 3004 fine
1725 2984 1814 3007 mora
1835 2972 2020 3013 debitoris,
2039 2970 2098 3005 de-

1137 3018 1226 3052 bitor
1249 3017 1409 3051 liberatur
1427 3042 1437 3056 ,
1460 3019 1539 3051 Bar.
1556 3021 1588 3051 in
1601 3018 1665 3053 dd.
1685 3021 1768 3065 quod
1787 3031 1828 3053 te.
1850 3021 1916 3054 n.8.
1934 3023 1966 3054 in
1979 3019 2057 3064 fine.

1185 3065 1365 3110 Intellige‚
1386 3064 1421 3097 &
1440 3064 1573 3099 declara
1595 3065 1680 3100 hanc
1701 3068 1970 3109 conclusionem,
1993 3078 2097 3114 prout

1138 3113 1304 3149 declaravi
1333 3113 1420 3158 infra
1441 3125 1557 3159 n.t77.
1587 3115 1621 3149 (θ’
1638 3116 1732 3161 seqq.

1187 3163 1262 3195 Aut
1284 3161 1415 3207 agimus
1439 3160 1483 3194 de
1500 3173 1590 3195 mora
1613 3162 1791 3197 creditoris
1808 3189 1818 3203 ‚
1839 3174 1878 3198 ut
1901 3172 1992 3209 puta,
2018 3163 2098 3210 quia

1138 3209 1288 3244 creditor
1313 3206 1491 3254 requisitus
1523 3209 1634 3244 noluit
1663 3211 1818 3257 accipere
1841 3212 2015 3256 pecuniam
2042 3211 2098 3244 fibi

1138 3257 1268 3291 realiter
1291 3255 1453 3300 congruis
1483 3257 1563 3291 loco
1581 3283 1591 3298 ,
1616 3258 1650 3292 ὅ(
1677 3269 1826 3305 ternpore
1849 3259 1996 3293 oblatam
2027 3270 2036 3293 τ
2064 3260 2099 3294 &

1140 3315 1224 3340 tunc
1242 3302 1418 3338 concludo
1439 3305 1555 3339 eadem
1578 3306 1729 3348 ratione,
1754 3317 1878 3341 moram
1897 3305 1972 3342 fore
2001 3307 2100 3342 noci-

1141 3365 1214 3388 vam
1234 3351 1394 3385 creditori
1407 3351 1554 3393 moroso,
1572 3353 1653 3400 quia
1667 3363 1784 3388 contra
1796 3364 2014 3390 contumaces
2028 3367 2099 3390 om-

1139 3402 1192 3435 nia
1213 3401 1286 3445 jura
1305 3399 1449 3433 clamant
1463 3425 1471 3439 ,
1496 3401 1529 3434 &
1547 3400 1674 3435 idcirco
1689 3427 1699 3441 ‚
1715 3401 1737 3434 fi
1756 3401 1860 3443 valor,
1880 3401 1935 3436 seu
1953 3403 2098 3448 pretium

1139 3447 1311 3483 scutorum
1323 3458 1502 3481 aureorum
1513 3449 1665 3495 quinque
1673 3448 1858 3495 stamparum
1868 3450 2011 3484 creverit
2021 3452 2097 3497 post

1140 3495 1347 3531 oblationem
1366 3520 1376 3533 ,
1395 3495 1414 3527 ἐι
1439 3494 1593 3531 debitore
1614 3496 1728 3529 fastam
1746 3523 1755 3537 ,
1774 3496 1854 3532 illud
1879 3509 2096 3543 augmentum

1139 3544 1201 3578 erit
1216 3541 1398 3581 debitoris,
1421 3542 1468 3576 ita
1490 3555 1523 3578 ut
1544 3543 1566 3577 fi
1585 3543 1665 3579 illud
1689 3553 1800 3579 totum
1816 3556 2032 3592 augmentum
2047 3546 2095 3579 as-

1139 3591 1299 3626 cenderet
1318 3589 1360 3622 ad
1384 3589 1474 3626 duos
1502 3590 1615 3626 scutos
1635 3603 1754 3627 aureos
1773 3593 1957 3639 stanparum
1971 3619 1980 3634 ‚
2003 3593 2095 3627 debi-

1139 3649 1194 3675 tor
1209 3644 1276 3681 np'n
1288 3637 1379 3671 dabit
1399 3638 1560 3674 creditori
1574 3641 1672 3675 centfi
1686 3640 1803 3675 scutos
1814 3652 1933 3676 aureos
1946 3641 2095 3686 stanpar‘ti

1989 3699 2094 3734 prou:

2118 3187 2180 3222 ¹53
