2400 3939
92 299 171 339 suria
190 303 342 345 amiota,
370 302 512 350 quando
527 303 654 340 ch’uno
668 303 844 340 vuolendo
860 304 940 338 dare
963 316 1014 338 ro.

93 352 119 386 ὸ
136 365 187 387 ιι.
203 351 278 386 mila
299 350 390 386 feudi
405 352 423 386 ὲ
441 351 585 393 cambio,
598 352 703 398 prima
719 365 760 387 ne
776 352 877 398 piglia
896 363 941 385 un
958 352 1014 384 rni-

59 399 202 445 τῖςΙίετο
216 410 284 434 con
300 397 556 447 disavantaggio
573 411 632 445 per
649 401 787 435 alterare
801 401 823 434 il
837 402 1012 446 prezzo,&

98 447 220 481 havere
233 445 291 492 pin
306 447 493 495 vantaggio
513 448 566 482 nel
583 447 673 482 dare.

147 495 194 529 Se
208 494 241 527 vi
265 493 335 528 sara
353 505 476 530 ancora
501 494 683 542 iniustitia,
712 494 850 541 quando
872 493 966 540 sopra
990 493 1012 527 il

97 553 225 589 prezzo
246 542 362 587 giusto
379 542 401 576 fi
418 554 509 589 pone
524 553 587 576 una
608 542 809 578 conditione
828 553 1013 588 aggravan-

93 599 129 626 te
141 601 200 638 per
217 589 239 623 il
253 589 445 638 pigliatore,
471 601 571 625 corne
585 590 603 627 a
624 590 717 626 dire:
733 590 759 628 ti
772 592 854 625 dato
870 590 900 623 al
915 601 1011 636 prez-

93 648 138 673 zo
155 649 312 674 corrente
330 637 380 680 si,
407 651 458 673 ma
480 638 602 685 voglio
621 638 650 672 la
675 637 796 675 ricorsa
811 639 829 673 a
846 650 919 679 me,
948 638 970 672 ὸ
983 637 1013 672 al

94 685 164 720 mio
181 697 315 734 agente,
342 685 364 721 ὸ
377 698 441 732 pur
457 688 576 733 voglio
589 686 654 721 che
671 687 694 722 ti
712 686 843 732 oblgihi
856 687 875 720 a
890 697 1013 720 recam-

93 733 186 769 binre
200 745 260 780 per
273 734 302 768 la
320 735 365 768 tal
384 733 522 780 piazza;
548 734 638 782 quali
660 734 859 769 conditione
885 735 1013 780 obliga-

94 782 210 825 torie3
233 793 291 827 per
309 781 392 817 esser
415 784 515 828 lopro
532 783 554 816 il
568 783 680 829 giusto
694 793 832 829 prezzo‚
861 783 894 816 &
909 793 1014 827 pecu-

96 829 150 864 nia
179 830 369 870 estimabili,
396 828 497 865 fanno
521 831 543 864 il
567 841 740 866 contratto
759 830 892 877 (quale
909 830 944 864 di
962 841 1016 863 na·

98 886 173 912 tura
193 875 248 911 sua
277 877 351 913 saria
374 879 492 913 buono
505 882 518 924 )
532 878 555 913 ὸ
569 878 715 925 ingiusto
734 878 757 913 ὸ
773 877 936 914 usurario.

147 925 334 960 Concludo
357 925 505 972 dunque,
532 926 564 960 se
579 927 630 960 nel
648 927 780 960 cambio
798 937 865 960 non
881 926 902 958 fi
916 936 1012 960 ecce-

99 973 144 1008 de
159 973 181 1007 il
197 973 311 1019 giusso
328 985 568 1021 prezzo,come
585 974 688 1021 penso
702 975 767 1008 che
780 973 922 1008 faciamo
934 974 1016 1008 mol-

98 1021 146 1063 ti,
173 1033 241 1056 non
259 1021 326 1056 sara
346 1021 485 1063 illecito‚
513 1034 564 1056 ma
579 1034 638 1069 per
651 1022 766 1070 questa
780 1032 874 1068 parte
887 1022 1015 1062 buono,

100 1069 121 1104 ὲ
137 1070 264 1116 giulio.
924 1114 925 1117 Ἴ

150 1117 247 1152 Dico
272 1116 440 1157 secondo,
465 1129 525 1164 per
547 1118 648 1154 effere
674 1118 795 1165 questo
823 1127 1016 1159 contratto,

100 1165 252 1205 cambio,
278 1164 367 1199 deve
388 1165 492 1200 effere
513 1167 598 1201 reale
612 1193 621 1206 ,
647 1166 731 1202 idest
751 1165 816 1200 che
835 1166 1016 1200 realmente

97 1213 120 1248 fi
143 1214 250 1249 cambi
270 1213 314 1246 da
342 1224 405 1247 una
427 1214 543 1259 piazza
562 1214 693 1250 all’altra
707 1241 715 1254 ,
743 1213 827 1248 nella
845 1214 945 1260 quale
961 1215 1019 1260 poi

96 1261 121 1296 fi
143 1261 232 1296 deve
247 1261 315 1294 fare
332 1261 352 1293 il
367 1273 581 1307 pagamento,
599 1265 632 1297 ὃς
648 1262 670 1296 fi
687 1262 774 1296 deve
790 1260 885 1295 finire
898 1263 918 1294 il
933 1273 1012 1296 con-

97 1318 205 1344 trntto
226 1309 260 1343 lo
275 1307 352 1342 dice
370 1308 430 1343 Pio
449 1308 582 1343 V.nella
599 1310 687 1345 bolla
700 1322 767 1344 con
783 1309 900 1356 queste
915 1321 1010 1356 pato—

96 1358 154 1401 le3
175 1359 281 1406 primo
294 1359 394 1406 igitur
415 1357 609 1392 damnamus
624 1372 662 1392 ea
681 1362 787 1392 omnia
805 1357 943 1397 cambia,
954 1370 1019 1404 qua-2

88 1405 180 1452 steca
202 1407 407 1438 nominantur
419 1430 429 1445 ,
457 1407 490 1442 ἐπ’
507 1407 555 1439 ita
575 1406 793 1455 confinguntur
809 1433 816 1447 ‚
844 1416 878 1439 nt
893 1416 1017 1440 contra-

98 1453 210 1488 hentes
223 1452 271 1488 ad
290 1464 399 1487 certas
418 1454 597 1493 nundinas,
618 1457 679 1501 seu
692 1457 739 1488 ad
760 1456 831 1487 alia
852 1454 922 1488 loca
934 1466 1020 1487 cam-

99 1502 158 1537 bia
170 1501 339 1536 celebrare
349 1500 518 1547 simulent,
548 1502 596 1535 ad
615 1514 680 1549 quae
697 1503 769 1536 loca
787 1505 823 1542 ii,
851 1504 904 1547 qui
918 1512 1010 1547 pecu-

97 1553 188 1585 niam
209 1551 388 1594 recipiunt,
417 1550 548 1583 litteras
571 1551 702 1596 quidem
718 1551 796 1593 suas
812 1550 932 1583 cambii
951 1561 1019 1583 tra-

99 1599 181 1633 dunt
193 1623 202 1637 ,
223 1598 288 1644 sed
305 1608 365 1630 non
385 1600 576 1638 mittuntur,
603 1598 660 1632 vel
687 1600 735 1632 ita
754 1602 926 1631 mittuntur
939 1623 948 1638 ,
987 1609 1021 1630 ut

50 1674 54 1679 .
99 1647 264 1694 transaflo
284 1655 424 1692 tempore
441 1672 451 1685 ,
477 1645 562 1678 unde
574 1646 807 1692 proceffer'ant',
835 1649 948 1679 inanes
969 1658 1018 1679 re-

90 1696 252 1741 serantur
271 1703 328 1726 aut
345 1695 446 1727 etiam
462 1717 470 1731 ,
497 1694 599 1727 nullis
615 1693 796 1737 hujusmodi
813 1694 934 1726 litteris
950 1704 1018 1727 tra-

100 1743 197 1798 dit'is,
222 1743 359 1788 pecunia
371 1741 417 1774 ibi
430 1741 569 1789 denique
591 1753 664 1775 cum
682 1742 824 1789 intereffe
834 1742 1021 1787 reposcitur,

99 1789 156 1825 nbi
173 1790 476 1835 contraHusfuerat
487 1789 681 1827 celebratus,
708 1802 781 1822 nam
796 1793 878 1822 inter
894 1790 1020 1826 dantes,

100 1839 136 1877 ό
155 1840 346 1885 recipientes
362 1843 459 1885 usque
473 1837 492 1870 ὰ
507 1840 665 1883 principio
682 1842 729 1870 ita
746 1849 953 1878 convenerat,
968 1838 1024 1871 vel

100 1885 187 1922 certe¹
203 1886 284 1919 talis
308 1887 438 1918 intentio
454 1896 524 1918 erat
536 1911 544 1923 ‚
566 1897 622 1918 nec
642 1888 812 1933 quisquam
827 1886 868 1922 ell
883 1911 892 1925 ,
922 1889 977 1931 qui
994 1889 1026 1918 in

103 1934 267 1973 nundinit,
285 1943 341 1966 aut
361 1931 653 1979 [ocissupradiffls
669 1959 678 1974 ‚
697 1934 877 1981 hujusmodi
902 1934 1027 1967 litteris

105 1984 262 2026 receptis,
278 1980 474 2027 solutionem
485 1982 612 2026 faciat.

154 2027 226 2064 Tre
240 2028 318 2063 lorti
336 2029 378 2062 de
392 2029 508 2062 cambit
526 2028 636 2063 danuo
649 2027 680 2061 in
693 2028 810 2074 queste
825 2029 1026 2074 parole.Pri-

109 2089 165 2112 mo
188 2078 207 2112 ἐ
225 2078 344 2124 quello
366 2076 445 2124 qual
466 2087 556 2111 tiene
574 2076 596 2110 il
617 2088 727 2116 nome,
745 2089 795 2109 ma
812 2089 878 2110 non
900 2079 919 2111 ἑ
937 2090 1026 2111 vera-

107 2136 222 2160 mente
243 2125 399 2163 cambio,
426 2124 566 2171 quando
591 2136 659 2157 non
684 2124 786 2158 fanno
807 2125 949 2165 lettere,
979 2138 1030 2160 ma

106 2173 180 2208 solo
199 2172 221 2206 fi
238 2173 337 2213 dice,
361 2173 386 2210 ti
404 2172 452 2206 do
476 2172 538 2206 alla
553 2171 654 2212 fieta,
681 2174 713 2206 &
739 2173 821 2206 vuol
845 2184 937 2208 tutto
956 2175 1028 2207 l'tn-

109 2219 247 2262 teresse,
275 2221 298 2255 ὸ
313 2232 405 2266 ροεο
423 2231 541 2254 manco
554 2247 564 2261 ,
592 2221 686 2254 senza
705 2221 770 2254 che
784 2221 804 2253 si
825 2222 908 2256 vada
927 2223 959 2256 in
973 2222 1029 2256 fie-

109 2281 144 2308 ta
161 2296 170 2311 ,
196 2270 228 2303 &
249 2269 370 2316 questo
393 2267 426 2301 di
447 2277 561 2303 natura
583 2268 636 2301 sua
659 2268 677 2301 ὲ
703 2268 811 2302 usura.
839 2269 1002 2305 Secondo
1018 2296 1028 2310 ,

109 2317 249 2366 quando
268 2318 289 2351 si
306 2316 418 2351 danno
436 2316 466 2350 le
481 2316 600 2350 lettere
616 2342 625 2356 ,
653 2328 705 2350 ma
722 2328 789 2349 non
805 2317 825 2350 fi
845 2318 1008 2352 mandatio
1021 2345 1030 2359 ,

107 2365 239 2414 perche,
253 2365 335 2400 vuol
350 2365 530 2399 recambire
546 2376 612 2399 con
628 2363 768 2405 l’istesso,
799 2366 832 2399 ὅς
844 2366 926 2411 pero
944 2366 964 2399 fi
979 2378 1031 2403 ae-

110 2413 351 2452 commodano,
377 2412 448 2446 oin
465 2413 623 2452 Genova,
638 2412 660 2446 ὸ
678 2413 709 2445 in
728 2412 897 2447 Florenza
913 2415 942 2448 le
959 2425 1030 2459 par-

113 2462 188 2503 tite,
209 2474 228 2496 e
247 2461 278 2496 se
292 2473 334 2496 ne
353 2460 455 2506 piglia
471 2460 659 2499 l’interelse,
677 2462 708 2506 ἀ
730 2461 852 2507 questo
869 2473 936 2496 non
954 2463 972 2496 e
988 2464 1032 2496 le-

113 2511 198 2546 cito.
237 2508 355 2544 Terzo
385 2508 522 2556 quando
543 2509 565 2543 fi
585 2509 749 2543 mandatio
769 2520 826 2554 per
853 2521 918 2544 una
943 2520 1033 2545 certa

114 2557 328 2594 cerimoniale
355 2557 385 2592 le
411 2556 554 2598 lettere,
582 2568 631 2590 ma
655 2568 722 2590 non
754 2557 866 2591 hanno
892 2558 1032 2593 l’effetto

111 2607 194 2646 suo,
222 2605 357 2641 essendo
378 2605 442 2639 che
464 2616 504 2639 ne
528 2617 615 2639 anco
633 2603 653 2637 li
672 2604 753 2639 sono
774 2604 944 2640 idebitori
963 2607 1031 2640 nel-

113 2657 144 2692 la
163 2653 243 2689 fieta
257 2679 266 2695 ,
293 2666 348 2690 nec
366 2653 409 2699 est
429 2655 462 2687 in
478 2654 630 2687 nundinis
642 2677 651 2693 ,
679 2655 733 2699 qui
747 2653 928 2699 hujusmodi
943 2655 1031 2688 litte-

114 2706 162 2739 ris
182 2705 341 2749 receptis,
376 2702 567 2746 solutionem
583 2703 722 2748 faciat,
751 2702 872 2748 questo
901 2714 987 2747 puro
1014 2703 1033 2736 ἐ

114 2753 263 2788 dannato
287 2750 328 2784 da
354 2747 416 2783 Pio
433 2750 475 2787 V.
504 2748 690 2784 concludo
714 2748 854 2796 dunque
874 2751 937 2784 clie
954 2750 986 2784 se
1002 2750 1033 2784 in

65 2815 67 2817 ·
115 2798 238 2848 questo
262 2797 393 2833 cambio
410 2796 431 2831 si
450 2795 552 2832 fanno
567 2798 596 2831 le
615 2797 745 2836 lettere,
759 2798 792 2832 ἀ
809 2796 891 2832 fatte
906 2799 926 2832 ii
945 2799 1032 2832 man-

115 2851 226 2887 dam,
243 2847 286 2882 δε
305 2845 458 2881 mandate
473 2845 494 2878 si
513 2857 646 2892 pagano
672 2846 852 2879 realmente
868 2873 876 2886 ‚
908 2848 939 2880 ὅ(
957 2847 977 2879 ii
994 2847 1034 2879 fi-

116 2895 206 2932 nisce
222 2894 242 2928 il
264 2905 371 2942 primo
396 2903 570 2929 contratto
598 2892 681 2927 nella
703 2892 803 2932 fieta,
831 2905 930 2928 come
955 2905 1037 2939 pure

118 2945 140 2979 fi
162 2943 195 2978 fa
218 2943 259 2976 da
279 2941 373 2977 molti
390 2941 411 2975 ii
429 2950 622 2982 contraite,
651 2951 707 2988 pet
725 2941 846 2988 questo
869 2942 934 2977 sara
957 2943 1033 2976 leci-

120 3002 158 3028 to
176 3017 185 3031 ,
225 2990 246 3025 fi
270 3001 369 3025 come
403 2988 468 3023 sara
491 2988 619 3024 illecito
635 3015 644 3030 ,
673 2990 812 3035 quando
842 2999 935 3025 tutto
966 3002 1036 3024 non

111 3042 229 3087 legna.

62 3099 103 3130 14
167 3087 283 3122 Terzo
301 3084 402 3126 dico,
429 3084 494 3120 che
515 3086 568 3120 nel
591 3084 724 3120 cambio
744 3095 811 3119 non
829 3083 918 3119 deve
935 3081 1038 3118 effere

119 3135 217 3171 usura
229 3160 239 3175 ,
267 3135 368 3182 quale
384 3134 460 3168 saria
479 3133 603 3181 sempte
627 3133 690 3167 che
705 3133 737 3166 vi
750 3131 889 3167 entrasse
906 3130 1038 3168 interes-

120 3184 153 3219 se
176 3195 234 3230 per
255 3183 393 3228 ragione
410 3182 466 3217 del
491 3191 625 3226 tempo,
653 3182 686 3216 δι
704 3180 852 3226 perche,
880 3191 919 3214 ut
935 3178 1038 3224 pluri-

119 3244 218 3271 mum,
252 3233 284 3265 vi
307 3242 403 3264 corre
419 3228 486 3275 ρὶὺ»
499 3239 614 3274 tempo
631 3229 664 3263 di
684 3228 812 3276 quello,
839 3227 904 3262 che
918 3227 1037 3264 tichie-·

119 3281 164 3315 de
178 3280 207 3314 la
221 3278 368 3314 diflanza
383 3278 438 3311 del
455 3277 576 3322 luogo,
601 3276 623 3311 fi
640 3277 682 3311 ha
706 3278 748 3310 da
767 3285 893 3310 temere
907 3276 1014 3312 molto
1027 3303 1037 3318 ,

56 3355 91 3366 t,
116 3339 161 3367 ne
177 3327 266 3362 deve
291 3325 394 3361 essere
421 3323 521 3360 facile
538 3324 775 3370 ilv'liheologo
794 3326 812 3357 a
840 3323 1038 3371 giudicare.

57 3370 71 3392 ⁸
87 3371 95 3378 ”
111 3377 186 3415 2che
209 3387 274 3410 non
303 3374 334 3408 ci
363 3374 423 3412 fia,
449 3385 502 3411 ma
524 3371 751 3407 consideratio
776 3372 861 3406 bene
882 3383 905 3415 ς
935 3373 1040 3418 prima

110 3424 249 3472 rpeggio
268 3422 344 3456 saria
362 3421 383 3454 il
397 3420 482 3462 dire,
507 3421 572 3454 che
598 3432 666 3455 non
685 3421 715 3453 vi
740 3420 811 3467 ρυὸ
832 3419 951 3458 essere,
966 3420 1036 3465 poi-

122 3473 187 3507 che
205 3473 288 3507 tutti
303 3470 313 3504 i
331 3469 475 3504 Dottori
503 3468 670 3505 dubitatio
688 3468 722 3503 di
742 3469 864 3514 quello
877 3494 886 3508 ,
915 3469 948 3502 &
964 3479 1034 3502 ten-

122 3532 218 3567 gono
235 3518 353 3557 chevi
373 3515 465 3564 posia
487 3516 611 3551 essere:
636 3515 701 3551 Pio
719 3517 761 3552 V.
779 3516 865 3550 nella
880 3516 935 3550 sua
950 3516 1040 3551 bolla

123 3567 244 3603 mostra
263 3566 447 3602 di=2temere
469 3566 578 3602 molto
599 3566 725 3611 quello
739 3563 772 3597 in
794 3563 1038 3604 conveniente,

108 3618 158 3652 -δι
186 3625 270 3661 peto
289 3614 427 3654 ordina„
444 3613 528 3651 ·..che
548 3624 618 3647 non
641 3612 663 3647 fi
681 3612 759 3652 dia,
787 3608 818 3646 se
839 3624 908 3648 non
931 3622 990 3658 per
1012 3614 1042 3647 la

2 506 84 543 ἰο

47 2037 87 2072 ¹3

111 3713 147 3751 ,il
164 3710 432 3761 guadagntt3non
438 3709 532 3748 deve
546 3719 674 3746 entrare
689 3719 746 3757 per
761 3709 899 3755 ragione
913 3707 948 3744 di
959 3708 1039 3757 tem-

109 3785 154 3812 „4

847 220 901 285 §.³
937 212 1048 275 XI.
1091 210 1269 277 Gloff.
1293 216 1335 276 1.

1873 216 1987 283 489·

1066 315 1125 350 po,
1157 305 1282 351 perche
1297 304 1390 340 usura
1405 315 1413 338 :
1429 313 1515 339 ecco
1535 302 1567 338 le
1581 302 1638 337 sue
1655 300 1786 350 parole,
1798 300 1995 336 cavendum·

1055 364 1162 386 autem
1183 356 1247 387 erit
1271 357 1303 386 in
1319 356 1463 387 terminis
1479 379 1488 394 ‚
1514 363 1548 385 ut
1568 354 1654 385 ratio
1677 351 1835 385 habeatur
1859 350 1982 395 longin-

1060 403 1215 446 quitatis,
1241 402 1276 438 ὠ
1291 403 1476 436 vicinitatis
1493 401 1644 434 locorum.
1673 402 1705 433 in
1719 397 1831 446 quibus
1842 397 1989 442 destina-⁷

1026 483 1027 486 ,
1060 459 1125 489 tur,
1151 461 1189 482 ne
1208 449 1287 482 dum
1305 450 1461 497 longiores
1475 447 1701 498 praefiguntur,
1724 453 1822 492 ‘quam
1837 445 1908 477 loca
1923 443 1980 475 de-

1024 494 1025 497 ’
1054 497 1185 540 stinatae
1193 497 1369 543 solutionis
1384 496 1585 540 desiderant,
1603 495 1797 542 foenerandi
1820 492 1916 526 detur
1929 501 1980 523 oc-

1062 543 1154 589 caſso.
1182 543 1211 577 ll
1230 544 1380 578 Navarra
1398 545 1432 577 lo
1458 543 1581 588 replica
1603 543 1706 578 molte
1724 542 1820 576 volte
1837 551 1908 584 cap.
1927 550 1983 584 ¹7.

1061 592 1197 636 nu.287.
1207 592 1294 632 dice,
1322 596 1375 638 qui
1389 592 1450 626 dat
1462 594 1631 637 pecuniam
1647 601 1738 629 nunc,
1765 600 1800 624 ut
1811 589 1876 635 poli
1888 588 2002 627 duaa:

1062 639 1120 672 vel
1133 650 1200 672 tres
1215 641 1336 680 menses
1349 642 1503 682 majorem
1521 640 1660 685 recipiat
1679 665 1690 679 ,
1716 637 1905 681 injustitiam
1924 635 1997 681 fa-=

1062 689 1107 720 cit
1121 711 1130 726 ,
1159 687 1216 721 vel
1231 689 1364 733 ufitram
1379 689 1560 726 committit,
1589 687 1622 723 &
1637 686 1773 727 nu.⁸89.
1783 694 1914 731 propter
1923 694 1984 716 an·

1062 737 1281 781 ticipationem
1294 761 1304 776 ‚
1331 735 1388 769 vel
1403 734 1596 769 dilationem
1604 735 1780 779 solutionis
1792 732 1911 778 justum
1932 731 1984 765 rei

1059 787 1201 828 pretium
1217 795 1274 818 nec
1290 793 1426 831 augetur
1438 807 1449 823 ,
1475 793 1533 817 nec
1547 785 1723 822 minuitur,
1746 783 1782 817 θ
1795 792 1881 815 num.
1899 790 1982 825 ²97·

1063 829 1236 865 tranando
1256 830 1299 865 de
1314 829 1431 864 cambd
1443 856 1452 870 ,
1479 829 1544 864 che
1560 830 1580 863 fi
1601 828 1701 866 fanno
1718 830 1737 864 a
1761 828 1908 864 Genova
1925 835 1984 873 pet·

1065 876 1242 918 Piacenza,
1270 877 1347 912 dice
1370 878 1434 912 che
1454 880 1580 912 ratione
1596 880 1747 923 temporis
1766 888 1846 917 non,
1860 875 1882 909 fi
1911 873 1984 919 pue>

1063 936 1290 971 augmentare,
1316 926 1338 960 ὸ
1355 925 1508 960 sminuire
1525 925 1546 959 11
1566 935 1707 970 prezzo,
1730 924 1820 959 salvo
1835 933 1895 970 per
1908 926 1991 968 ης-Ἰ

1064 973 1167 1019 gione
1188 974 1223 1008 di
1238 975 1336 1009 lucro
1351 972 1506 1012 cessante,
1517 972 1658 1020 quando
1673 985 1705 1010 vi
1723 982 1828 1007 entra.

1112 1020 1142 1055 11
1157 1022 1314 1062 Gaetano
1332 1023 1435 1068 opusc.
1450 1022 1492 1055 de
1505 1021 1608 1056 camb.
1625 1033 1698 1069 cap.
1712 1032 1745 1066 7.
1760 1025 1993 1065 apertamento‘

1065 1069 1163 1109 dice,
1202 1070 1223 1102 fi
1253 1071 1318 1104 che
1341 1070 1431 1103 deve
1459 1069 1612 1114 regolare
1634 1065 1987 1104 l’interesse'secondo

1064 1116 1294 1152 l’estimatione
1318 1128 1494 1152 commune
1507 1115 1693 1151 d’huomini
1717 1115 1841 1163 periti,
1869 1116 1902 1151 &
1927 1114 1986 1160 poi

1063 1177 1255 1211 aggaonge:
1280 1178 1337 1199 nec
1364 1167 1518 1212 temporis
1530 1164 1728 1212 prolixitas,
1755 1174 1811 1200 aut
1834 1162 1986 1198 brevitas

1061 1213 1247 1260 pensabitur
1265 1240 1273 1253 ,
1289 1214 1353 1260 sed
1377 1214 1509 1259 semper
1533 1215 1566 1245 in
1592 1215 1665 1246 veri
1684 1213 1886 1258 aestimatione
1907 1221 1988 1257 pre-

1065 1264 1104 1294 tii
1122 1262 1289 1305 stabitur,
1311 1260 1383 1304 five
1409 1261 1507 1295 tarde
1547 1263 1683 1306 pecunia
1711 1259 1896 1309 afflgnanda
1919 1256 1986 1301 fit,

1057 1309 1088 1353 fi
1109 1313 1192 1342 enim
1215 1308 1273 1343 hoc
1294 1309 1461 1355 defuerit,
1487 1311 1585 1356 usura
1613 1309 1656 1352 est
1679 1312 1806 1342 ratione
1826 1307 1981 1353 impliciti

1066 1360 1194 1398 mutui,
1227 1356 1304 1396 licut
1337 1360 1371 1389 in
1402 1357 1588 1391 venditione
1610 1355 1685 1402 plus
1703 1357 1784 1403 justo
1805 1359 1911 1402 pretio
1942 1352 1988 1388 ad

1065 1415 1200 1447 tempus.

1115 1453 1159 1487 Et
1185 1452 1369 1487 Leonardo
1391 1451 1502 1488 Leffio
1525 1451 1678 1487 Giesnita
1697 1451 1740 1486 de
1762 1451 1834 1495 just.
1856 1451 1891 1488 ᾤ’
1913 1452 1988 1494 jure

1066 1501 1122 1535 lib.
1138 1514 1168 1534 2.
1183 1512 1254 1548 cap.
1272 1513 1325 1545 ²3·
1347 1501 1422 1534 dub.
1448 1503 1479 1534 6.
1495 1499 1628 1534 afferma
1652 1499 1784 1535 l’isteslo
1800 1525 1810 1540 ‚
1835 1499 1902 1534 che
1928 1508 1987 1545 pet

1066 1549 1204 1594 ragione
1227 1549 1261 1582 di
1284 1560 1398 1593 tempo
1422 1560 1490 1582 non
1517 1549 1548 1582 ci
1570 1547 1642 1595 ρυὸ
1659 1559 1789 1584 entrare
1810 1547 1988 1594 guadagna
2033 1572 2035 1574 -

1066 1599 1208 1637 alcuno,
1235 1598 1377 1643 dunque
1393 1596 1412 1630 ὲ
1435 1607 1539 1636 vero,
1567 1597 1600 1630 δε
1618 1607 1684 1632 non
1713 1597 1735 1630 fi
1759 1597 1870 1636 deve,
1897 1606 1939 1629 ne
1963 1594 1989 1628 fi

1067 1645 1136 1690 puo
1160 1656 1308 1691 negare,
1334 1645 1399 1678 che
1425 1653 1484 1690 per
1506 1644 1644 1690 ragione
1666 1644 1701 1678 di
1723 1655 1838 1691 tempo
1863 1654 1893 1678 ci
1914 1642 1988 1689 puo

1066 1704 1196 1726 entrare
1221 1693 1372 1741 qualche
1394 1691 1580 1739 guadagno
1596 1695 1630 1728 δι
1648 1691 1713 1728 che
1730 1692 1761 1726 se
1777 1694 1809 1727 ci
1823 1702 1916 1727 entra
1928 1718 1938 1733 ,
1966 1689 1987 1728 ἐ

1067 1740 1174 1774 usura.

1116 1789 1163 1823 Di
1184 1787 1242 1834 ρίὺ
1261 1788 1399 1837 bisogna
1415 1787 1569 1829 avertite,
1579 1787 1645 1824 che
1684 1788 1772 1824 uelle
1784 1788 1987 1829 conditioni,

1067 1838 1167 1884 quale
1186 1839 1336 1882 leguono
1354 1836 1643 1873 necessatiamente
1660 1839 1669 1871 i
1696 1837 1776 1871 dare
1790 1838 1809 1871 ἐι
1825 1849 1952 1884 tempo,
1965 1837 1989 1871 ὸ

1070 1885 1217 1919 vendere
1234 1888 1250 1919 a
1269 1897 1397 1932 tempo,
1426 1897 1468 1919 ne
1482 1884 1589 1920 anche
1607 1887 1627 1919 li
1647 1886 1797 1933 possono
1815 1886 1987 1932 assegnare

1068 1945 1126 1978 per
1148 1934 1277 1978 ragioni
1300 1934 1512 1974 d'tnteresse,
1539 1933 1582 1966 mi
1599 1933 1762 1968 dicliiaro.
1815 1933 1908 1968 Dice
1930 1944 1991 1968 co-

1069 1983 1138 2017 lut:
1164 1980 1206 2016 lo
1231 1994 1271 2014 nii
1291 1985 1387 2027 privo
1416 1982 1470 2015 del
1494 1982 1562 2015 mio
1582 1981 1729 2022 denaro,
1770 1983 1872 2029 quale
1897 1992 1916 2015 e
1941 1993 1991 2014 m·

1070 2031 1255 2064 llruznento
1278 2033 1514 2076 guadagnare,
1543 2030 1576 2063 ὃς
1595 2030 1626 2064 se
1652 2042 1694 2064 ne
1710 2030 1802 2064 serve
1817 2030 1837 2064 e*
1852 2028 1993 2075 profitta

1071 2077 1181 2116 colui,
1213 2079 1242 2110 al
1265 2079 1364 2124 quale
1390 2075 1424 2112 lo
1440 2079 1486 2112 do
1500 2104 1509 2118 ,
1538 2080 1572 2111 δε
1586 2089 1688 2112 corto
1709 2079 1830 2122 rilico;
1854 2077 1918 2112 che
1930 2089 1993 2111 co-

1072 2126 1117 2158 lui
1141 2125 1257 2159 fallisca
1281 2125 1302 2160 ὸ
1320 2127 1430 2160 mnoia
1444 2153 1454 2165 ,
1486 2126 1508 2159 ὸ
1523 2138 1591 2159 non
1610 2126 1651 2159 mi
1668 2129 1762 2172 polsa
1788 2137 1929 2171 pagare,
1957 2126 1993 2159 δε

1073 2185 1129 2219 per
1145 2174 1265 2219 quello
1283 2175 1304 2206 li
1324 2187 1401 2219 pare
1415 2175 1447 2208 di
1464 2186 1560 2220 poter
1579 2174 1717 2219 pigliare
1734 2175 1881 2222 qualche
1894 2173 1994 2209 inter-

1073 2224 1151 2260 else,
1171 2222 1188 2255 ἐ
1210 2233 1290 2256 vero
1309 2227 1389 2266 perc»
1408 2223 1500 2262 dico.
1529 2222 1593 2256 elie
1607 2234 1669 2268 per
1685 2222 1808 2269 questo
1825 2234 1891 2257 non
1917 2221 1991 2268 pub

1073 2271 1288 2316 guadagnare
1302 2282 1344 2303 co
1366 2272 1522 2304 s'isslcuna.

1121 2319 1165 2354 Et
1187 2318 1219 2352 lo
1242 2329 1350 2364 prono
1364 2345 1372 2358 ,
1404 2319 1528 2363 perche
1545 2317 1577 2352 se
1599 2329 1657 2363 per
1682 2317 1802 2366 questo
1818 2318 1841 2352 fi
1861 2317 1994 2365 potesse

1073 2366 1308 2412 guadagnare,
1334 2366 1470 2401 cessaria
1493 2365 1621 2406 l’usura,
1650 2365 1775 2401 &saria
1795 2367 1900 2402 lecito
1915 2377 1994 2400 ven-

1074 2416 1154 2448 dere
1177 2415 1232 2460 ριὺ
1250 2414 1303 2448 del
1329 2415 1443 2459 giulio
1470 2425 1595 2460 prezzo
1613 2414 1632 2449 a
1650 2425 1766 2459 tempo
1779 2441 1788 2454 ,
1816 2418 1943 2461 perche
1962 2414 1994 2449 vi

1075 2472 1213 2497 entrano
1238 2462 1356 2509 queste
1382 2462 1624 2502 circonstanze,
1652 2464 1685 2498 &
1701 2463 1816 2510 questa
1836 2465 1853 2497 ὸ
1869 2463 1992 2501 dottri-

1074 2522 1114 2544 na
1139 2510 1193 2544 del
1220 2511 1376 2546 Gaewm
1401 2525 1428 2544 c.
1446 2512 1478 2545 6.
1495 2510 1594 2556 quale
1614 2511 1679 2557 agli
1699 2521 1782 2544 cava
1797 2511 1837 2545 d„
1858 2509 1996 2546 STno·

1074 2559 1179 2593 malso
1201 2560 1233 2592 ὅ(
1251 2558 1372 2606 quesso
1404 2559 1485 2594 sono
1507 2560 1537 2592 le
1560 2556 1617 2592 sue
1639 2558 1776 2603 parole:
1805 2573 1844 2594 ex
1865 2559 1921 2594 hoc
1941 2573 1996 2593 ve-

1075 2607 1108 2640 ro'
1127 2632 1136 2644 ,
1159 2608 1243 2652 quod
1264 2610 1400 2652 pecuniae
1430 2607 1556 2640 diutius
1579 2608 1825 2653 occupataesunt
1854 2610 1997 2642 tenenda

1074 2658 1104 2688 in
1120 2652 1180 2688 hac
1203 2658 1465 2692 comminutione,
1493 2665 1545 2688 res
1563 2656 1789 2689 commutanda
1807 2669 1864 2690 nec
1877 2660 2001 2700 pretio—-

1073 2703 1142 2742 fior,
1169 2714 1224 2736 nec
1239 2705 1338 2738 viltor
1355 2705 1624 2749 communipretio
1638 2703 1803 2742 redditur,
1819 2715 1853 2738 ut
1869 2706 1901 2738 S.
1917 2704 1999 2738 Tho-

1075 2762 1147 2784 mas
1161 2751 1295 2797 expreffe
1310 2752 1392 2784 dicit
1411 2751 1750 2797 2.2.quaest.78.art.2.
1762 2752 1999 2801 afferens,quod

1075 2809 1234 2832 mercator
1261 2800 1404 2832 vendens
1423 2811 1492 2834 rem
1517 2799 1666 2845 aliquam
1690 2798 1738 2832 ad
1765 2810 1889 2845 tempus
1905 2826 1913 2842 ‚
1939 2810 2000 2834 non

1073 2847 1171 2893 potest
1193 2845 1336 2880 vendere
1350 2847 1424 2892 plus
1451 2849 1608 2880 communi
1622 2849 1728 2893 pretio
1744 2859 1783 2881 ex
1804 2847 1861 2881 hoc
1877 2873 1887 2888 ‚
1913 2847 1999 2895 quad

1074 2896 1226 2940 pecunias
1234 2896 1318 2939 suas
1345 2906 1488 2928 mortuas
1513 2904 1604 2928 tanto
1626 2904 1766 2942 tempore
1792 2894 1909 2929 tenebit
1924 2923 1933 2937 ,
1963 2895 2000 2932 (5

1078 2943 1097 2982 fi
1113 2942 1169 2974 hoc
1184 2942 1311 2975 licitum
1326 2942 1573 2984 diceretur-‚jam
1588 2943 1686 2989 usura
1700 2954 1758 2976 non
1772 2942 1841 2990 effet
1859 2943 2000 2979 damna-

1077 3002 1112 3026 ta
1136 2994 1169 3023 in
1182 2992 1369 3024 venditione
1383 2989 1431 3024 ad
1447 3000 1572 3036 tempus
1591 3016 1600 3031 ,
1627 2989 1745 3036 queste
1766 2991 1893 3037 ragioni
1923 3004 2000 3027 vor-

1078 3039 1123 3074 rei
1140 3037 1175 3072 io
1198 3036 1262 3071 che
1279 3036 1404 3073 sossero
1419 3038 1629 3072 considerate
1646 3037 1688 3072 da
1711 3039 1814 3085 quelli
1840 3039 1904 3074 che
1920 3051 2004 3075 con-

1079 3085 1216 3122 cedono
1229 3111 1239 3131 ,
1266 3098 1331 3120 non
1350 3085 1381 3121 vi
1403 3085 1474 3132 ρυὸ
1490 3085 1595 3120 essere
1611 3086 1795 3133 guadagno
1813 3099 1871 3134 per
1888 3089 2002 3135 ragio-

1079 3145 1122 3170 ne
1144 3133 1178 3169 di
1195 3144 1308 3180 tempo
1321 3156 1330 3173 ,
1358 3145 1408 3168 ma
1427 3133 1591 3178 voglione
1607 3135 1672 3167 che
1692 3133 1724 3167 vi
1750 3135 1845 3179 possa
1872 3146 2001 3171 entrare

1079 3194 1139 3229 per
1156 3192 1247 3217 certe
1263 3181 1404 3227 ragioni,
1433 3183 1497 3216 che
1519 3180 1693 3227 seguitano
1708 3183 2004 3218 necessariamente

1081 3232 1101 3265 il
1117 3240 1236 3264 mutuo
1249 3241 1384 3268 ancora.
1409 3240 1428 3264 e
1442 3228 1516 3264 cosi
1534 3229 1728 3270 virtualiter,
1747 3230 1769 3264 ὸ
1793 3241 1923 3278 negano
1939 3232 2000 3268 l’u·

1081 3278 1164 3317 sura,
1184 3277 1206 3312 ὸ
1224 3277 1466 3314 Ιῑεηπηειιοησ.
1506 3297 1519 3302 -

1128 3325 1204 3361 Che
1225 3325 1281 3370 poi
1308 3337 1366 3371 per
1390 3326 1530 3371 ragione
1553 3324 1609 3360 del
1633 3324 1785 3370 peticolo
1808 3325 1977 3372 personale
1992 3352 2003 3369 ‚
2023 3320 2068 3356 ¹6

1081 3374 1138 3409 cio
1159 3375 1178 3408 ὲ
1195 3373 1259 3407 che
1275 3371 1403 3413 colui,o
1416 3383 1484 3407 non
1500 3372 1627 3418 voglia,
1655 3385 1677 3407 0
1699 3384 1766 3408 non
1790 3375 1885 3422 possa
1901 3386 2003 3422 paga-

1082 3433 1127 3460 re,
1158 3433 1180 3455 o
1194 3421 1226 3455 se
1243 3432 1283 3454 ne
1296 3421 1422 3461 numia,
1450 3432 1492 3454 ne
1510 3419 1618 3455 anche
1633 3421 1656 3455 fi
1677 3417 1772 3466 possa
1796 3422 1935 3469 pigliare
1952 3434 2006 3457 in-

1082 3469 1212 3509 teresse,
1229 3468 1276 3502 ΔΙο
1303 3468 1381 3503 dice
1397 3468 1418 3501 il
1434 3467 1612 3502 modefimo
1639 3468 1796 3505 Gaetano
1813 3469 2004 3506 nell’istesso

1081 3518 1215 3563 luogo:
1240 3516 1297 3556 nili
1308 3520 1378 3563 quis
1391 3517 1494 3555 dicat,
1522 3515 1607 3562 quod
1621 3516 1765 3558 subjacet
1776 3519 1922 3565 periculo
1933 3531 2008 3566 per—

1082 3566 1227 3606 ditionis,
1256 3567 1333 3612 'quia
1345 3563 1444 3610 potest
1460 3566 1542 3598 mori
1552 3562 1692 3605 debitor,
1709 3576 1766 3599 aut
1785 3569 1914 3601 interim
1924 3578 2008 3613 pau-

1080 3624 1141 3661 per
1155 3611 1249 3658 efflei,
1267 3612 1332 3659 sed
1353 3611 1416 3646 hec
1426 3612 1578 3657 pericula
1589 3623 1649 3658 pro
1663 3612 1765 3647 nihilo
1781 3617 1815 3648 in
1829 3625 2008 3649 commuta-

125 3664 230 3711 prima
244 3661 342 3702 fiere,
366 3663 401 3698 δε
417 3660 576 3709 pallando
600 3660 662 3706 pitr-
678 3661 764 3695 oltre
779 3686 789 3700 ,
815 3660 964 3695 dichiam
979 3659 1045 3694 che
1085 3661 1234 3700 tionibus,
1261 3661 1409 3706 reputari
1428 3668 1539 3705 patet,
1552 3671 1620 3693 tum
1634 3672 1674 3694 ex
1694 3673 1740 3699 eo,
1763 3662 1848 3709 quod
1861 3672 1919 3695 aut
1939 3672 2009 3695 tam

1086 3720 1166 3743 raro
1180 3711 1280 3755 fiant,
1311 3709 1396 3756 quoti
1421 3705 1544 3752 consilio
1574 3719 1634 3742 non
1651 3707 1812 3756 subsunt,
1844 3719 1901 3744 aut
1921 3710 2012 3744 talia

1932 3759 2011 3805 sunt
