2400 3939
3 876 57 956 ln

727 300 774 369 ᾗ.
821 324 862 355 ι,
899 304 1087 371 Qaest.
1124 306 1231 355 Vll.
1255 303 1407 352 Pani„

132 379 222 421 Quia
251 377 403 427 respondeo
432 375 614 422 dupliciter.
655 379 763 413 Primo
780 403 790 418 ,
823 380 1010 427 opinionem

84 428 347 474 probabiliorem,
361 439 461 475 quam
475 425 599 462 secutus
612 425 782 474 sumfiapra
797 441 816 475 q
832 441 1009 469 4.num.21.

83 477 209 524 &fiqq-
225 476 283 512 esse
307 477 400 525 quod
413 479 597 511 contractus
620 477 736 510 cambii
765 476 933 522 fitemptio
954 502 962 514 ,
979 485 1006 511 δι

81 527 239 566 venditio,
254 529 332 573 quia
344 527 478 572 pecunia
492 528 594 571 potest
606 528 682 563 emi,
697 530 728 559 ὅ(
742 525 848 560 vendi.
865 526 1012 560 Secundo

80 572 257 620 respondeo
268 578 298 609 in
317 574 388 610 casu
406 599 417 614 ‚
447 577 480 608 δε
494 574 534 607 ad
546 574 695 608 effectum
711 600 721 614 ,
736 575 775 609 de
789 587 857 620 quo
872 576 1011 622 agimus,

79 622 162 657 nihil
176 623 305 664 referre,
321 637 364 671 qu
373 624 416 658 od
434 625 572 670 pretium
585 635 740 671 augeatur
756 648 766 664 ,
794 621 847 658 seu
878 637 1006 657 minua-

79 683 135 706 tur
146 685 183 707 ex
201 672 408 708 multitudine
421 698 432 712 ,
458 671 508 707 seu
527 685 688 719 paucitate
702 673 881 707 locantium
897 685 1010 719 operas

80 718 154 755 suas
166 748 175 760 ,
188 733 224 757 ut
238 722 316 756 dicit
335 723 464 758 Media.
481 723 528 766 vel
548 735 584 756 ex
601 723 693 766 copia
705 748 714 760 ‚
736 726 767 756 δέ
783 724 892 768 inopia
912 734 1009 768 pecu-

80 771 224 811 niarum,
238 773 314 818 quia
335 769 449 806 sufficit
465 771 557 805 nobis
576 797 584 810 ,
597 772 686 817 quod
702 772 827 806 lucrum
847 796 857 810 ,
874 769 925 804 seu
941 784 1011 817 pre-

81 820 165 854 tium
181 834 245 854 non
257 820 410 854 referatur
425 820 466 854 ad
481 823 695 868 quantitatem
710 823 863 867 temporis
875 845 885 859 ,
901 818 1008 865 sicque

79 880 242 903 remaneat
259 870 375 912 justitia
393 872 471 903 lucri
488 895 498 908 ,
523 869 573 904 scu
602 872 702 915 pretii.

125 918 273 951 Secundo
287 917 461 964 respondeo
477 944 488 958 ‚
501 918 679 964 campsores
695 931 759 951 non
782 917 858 951 dare
877 919 984 951 minus
998 942 1008 956 ‚

72 965 127 1002 seu
143 966 215 1013 plus
231 968 372 1014 accipere
387 970 513 1002 ratione
529 968 616 1002 dilati
635 969 787 1012 temporis
802 991 812 1005 ,
836 966 886 1000 sed
902 969 984 1000 ratio
998 992 1007 1004 ,

74 1027 116 1050 ne
131 1016 335 1050 marcharum
351 1043 358 1054 ,
373 1019 405 1050 in
422 1016 524 1050 dilato
553 1029 695 1061 tempore
712 1015 984 1050 consideratarum
998 1041 1006 1053 ,

37 1089 43 1091 -
75 1076 204 1109 utputa
220 1091 228 1104 ‚
246 1066 373 1099 marcha
389 1068 472 1104 auri,
490 1065 636 1100 solvenda
656 1067 688 1099 iu
705 1063 858 1099 nundinis
874 1063 1006 1098 Pascha—

76 1115 119 1148 εἰς
134 1113 388 1149 Resurrectionis
403 1129 467 1149 non
481 1117 553 1149 ideo
576 1117 707 1149 minoris
724 1115 840 1147 einitur
853 1114 871 1147 ὲ
896 1124 1005 1159 camp<

75 1160 202 1198 foribus
234 1164 412 1198 Mediolani
436 1166 475 1198 de
492 1164 596 1199 mense
624 1162 778 1198 octobris
798 1188 808 1201 ‚
838 1177 938 1208 quam
970 1164 1008 1196 de

76 1211 186 1246 mense
203 1213 399 1260 Novembris
414 1239 423 1253 ‚
439 1215 517 1260 quia
536 1217 662 1260 longius
675 1213 765 1246 distet
779 1211 891 1246 mensis
905 1214 992 1245 octo

75 1259 142 1295 bris
158 1287 168 1300 ‚
181 1261 232 1296 sed
257 1264 333 1308 quia
347 1262 477 1297 marcha
493 1262 545 1296 illa
561 1277 572 1300 ,-
589 1276 605 1295 c
620 1261 790 1295 »nfitlerata
807 1263 840 1294 in
858 1259 912 1294 tali
928 1273 1007 1295 teru-

77 1321 156 1357 pore
173 1335 185 1351 ‚
205 1313 423 1345 communiter
446 1311 463 1345 ὲ
477 1310 696 1357 campsoribus
721 1312 854 1344 minoris
874 1311 1007 1344 aestima-

77 1370 134 1394 tur
147 1385 157 1398 ‚
186 1372 287 1406 quam
316 1363 348 1394 in
363 1373 452 1406 temp
463 1374 510 1394 πε
528 1363 719 1406 pruxizniori
740 1386 749 1398 ‚
784 1362 862 1406 quia
880 1372 954 1393 cum
974 1358 1010 1392 fi-

78 1410 130 1443 nis
142 1421 212 1443 cam
219 1407 329 1454 psoris,
342 1411 537 1456 negotiantis
555 1408 623 1444 suas
638 1412 801 1455 pecunias,
813 1407 848 1442 sit
860 1422 992 1443 commu
1002 1430 1010 1434 -

79 1458 182 1492 tando
198 1457 326 1497 lucrari,
344 1472 400 1493 nec
416 1460 562 1493 marchas
576 1472 676 1497 emat,
691 1472 724 1492 ut
739 1471 862 1504 emptas
878 1457 1009 1491 habeat-

78 1505 134 1542 std
149 1510 312 1542 utiterum
328 1520 510 1542 commutet
531 1521 606 1543 cum
638 1508 728 1541 lucro
744 1532 754 1546 ,
780 1508 852 1541 ideo
885 1507 1009 1541 licitum

78 1556 123 1590 est
139 1559 167 1590 ei
181 1556 378 1591 considerare
399 1556 533 1603 quando
552 1569 697 1602 ternpore
717 1559 885 1602 pecuniam
912 1569 1010 1589 occu·

76 1615 188 1653 patam
203 1606 236 1639 in
259 1606 397 1640 marchis
412 1608 528 1653 emptis
548 1618 651 1639 tenere
665 1617 814 1652 oporteat
844 1618 944 1652 quare
959 1618 1009 1638 ca-

77 1655 148 1688 rius
165 1656 308 1694 emitur,
336 1654 427 1702 quod
454 1656 519 1689 cito
547 1654 732 1689 distrahitur
748 1679 758 1693 ‚
784 1667 884 1700 quam
916 1655 1005 1700 quod

76 1700 182 1750 longo
199 1716 325 1750 oportet
338 1716 482 1751 tempore
495 1706 628 1738 retinere
644 1730 653 1742 ‚
679 1718 716 1736 ne
733 1717 868 1737 mortuae
880 1716 1009 1737 tenean-

77 1763 133 1787 tut
148 1754 300 1799 pecuniae,
317 1755 359 1787 ita
373 1753 424 1787 ille
438 1754 660 1787 innominatus
675 1753 863 1799 Tlieologzx
878 1752 1005 1790 doctor,

76 1801 120 1836 de
131 1813 199 1848 quo
214 1805 311 1847 Cajet.
326 1803 401 1844 dist.
413 1813 469 1849 cap
496 1816 530 1843 4.
543 1802 597 1848 stab
609 1816 690 1837 num.
715 1815 741 1844 3.
759 1801 900 1836 similiter
920 1804 1008 1847 inopi

74 1848 273 1886 beneficium
288 1851 335 1885 bis
347 1853 416 1892 dat,
429 1854 487 1898 qui
503 1853 644 1886 celeriter
660 1852 728 1889 dar,
744 1851 794 1886 seu
806 1850 852 1884 bis
868 1851 937 1889 dar,
951 1853 1007 1898 qui

75 1902 143 1936 cito
157 1900 230 1938 dat,
255 1913 289 1935 ut
304 1901 382 1936 dicit
412 1902 510 1936 Senec.
528 1903 559 1934 in
570 1912 621 1946 pro
639 1901 722 1935 verb.
738 1904 814 1946 quia
829 1904 933 1946 majus
949 1925 956 1939 ,
976 1905 1007 1933 ὗε

75 1950 189 1984 minus
202 1948 235 1984 fit
251 1976 261 1989 ‚
286 1952 436 1996 quamvis
457 1950 541 1985 idem
559 1950 607 1988 sit,
623 1962 782 1995 tenpore,
798 1950 882 1989 loco,
900 1948 1006 1989 causer,

77 1996 156 2034 saeoe
171 2001 257 2033 enim
273 1999 334 2032 hoc
349 2013 415 2034 non
432 1998 693 2046 potuetedivrtiae
714 2024 723 2038 ,
753 2001 785 2033 in
804 2000 942 2033 domurn
958 2001 1006 2032 iu—

77 2039 169 2086 fusi,
181 2048 271 2094 quod
285 2061 469 2094 opportune
492 2048 578 2082 mille
595 2048 719 2082 denarii
738 2074 746 2087 ,
774 2051 913 2083 semaia
927 2048 1009 2094 episl.

78 2096 154 2132 liba
171 2098 354 2143 =.ep.82.1b1'
371 2124 379 2137 ,
405 2101 505 2143 majus
517 2100 594 2131 enim
619 2099 655 2133 &⁴
679 2099 778 2132 *Faus
793 2098 830 2130 de
845 2097 973 2139 Castam
985 2099 1006 2131 l.

79 2146 274 2191 85.filidum
286 2147 520 2193 n.z.ffidesolut.
535 2151 567 2180 ὅ(
580 2148 622 2180 est
634 2149 666 2180 in
684 2146 854 2193 proverbio
867 2161 879 2184 ,-
897 2146 1008 2180 melius

74 2192 135 2229 effi:
151 2195 266 2230 habere
297 2195 393 2230 hodie
420 2210 520 2230 ovum
536 2222 545 2234 ‚
572 2210 670 2242 quam
690 2209 757 2229 cras
772 2195 925 2244 gallinam
943 2210 954 2233 5
970 2196 1007 2229 de

74 2256 145 2291 quo
161 2245 333 2290 proverbio
347 2271 356 2285 ‚
391 2245 555 2280 referendo
587 2247 737 2290 Cajvtaui
764 2258 1009 2291 argumentum,

73 2294 129 2329 cui
142 2292 311 2340 respondet
338 2297 370 2328 in
391 2308 426 2329 ea
451 2309 486 2342 q.
506 2309 546 2328 an
573 2295 730 2328 cveditutn
747 2293 877 2329 alterius
891 2320 900 2333 ‚
917 2289 1008 2339 possit

75 2342 140 2377 emi
156 2344 275 2377 minori
293 2345 559 2390 preti0,meminit
574 2356 670 2378 ettam
687 2347 801 2378 Garcia
813 2344 850 2377 de
864 2345 1007 2378 contrabi.

74 2392 256 2439 cap.1f).fiaeb
266 2393 539 2439 num.2.verfihora
552 2395 590 2427 la.
610 2393 813 2440 versassfi'nem
828 2408 837 2434 3
855 2393 951 2426 Unde
975 2397 1008 2426 ὃ(

74 2443 134 2488 qui
149 2454 223 2476 ante
237 2444 293 2489 qui
309 2455 435 2489 tempus
451 2444 529 2490 petit
548 2468 559 2482 ,
574 2443 644 2488 plus
659 2443 748 2487 petit,
767 2448 794 2485 §.
810 2443 889 2487 plus.
905 2442 1003 2486 Instir.

73 2492 114 2525 de
125 2493 232 2524 alliun.
244 2496 275 2524 &
289 2493 347 2537 qui
363 2505 438 2526 ante
457 2505 583 2540 tempus
599 2491 691 2526 solvit
709 2518 717 2529 ‚
734 2491 804 2539 plus
817 2489 909 2525 solvit
924 2506 933 2531 ;
952 2492 1008 2525 Ti-

71 2552 142 2588 raq.
158 2541 195 2574 de
206 2542 440 2588 retrast.lign.§.
452 2554 460 2574 t
473 2543 526 2588 ,gL
536 2554 546 2574 ι
556 2542 587 2576 8.
603 2555 631 2574 n.
650 2553 700 2586 35.
713 2542 792 2586 verfi
805 2554 845 2574 ex
855 2540 962 2587 qmbus
975 2546 1005 2573 δι

73 2590 134 2637 qui
150 2589 239 2623 tarde
261 2589 328 2628 dar,
346 2593 452 2625 minus
469 2591 524 2624 dat
539 2615 550 2629 ‚
577 2591 717 2624 (pauide
731 2588 826 2624 Callr.
842 2590 894 2623 ubi
913 2590 1006 2636 supra

74 2651 196 2673 numero
202 2641 302 2685 primo
315 2663 326 2678 ‚
349 2639 453 2687 Τίνας,
468 2640 542 2674 dia.
558 2652 677 2673 numero
690 2639 838 2686 trigesimo
848 2642 961 2686 quinto,
975 2643 1007 2678 ὡ

72 2687 262 2724 8κνά.ι·ση[ἰί.
272 2700 285 2730 3
297 2701 352 2731 45.
365 2702 432 2723 cum
449 2685 585 2735 Joannes.
599 2702 717 2732 num.9.
731 2689 782 2723 lib.
805 2701 833 2732 3.

124 2735 348 2772 confirmatur
365 2739 471 2784 primo
495 2737 560 2771 haec
576 2736 736 2784 responsio
749 2763 758 2778 ‚
787 2738 865 2784 quia
881 2737 914 2770 in
928 2750 1005 2772 con-

75 2787 182 2823 traElm
210 2785 326 2821 cambii
366 2786 584 2822 consideratur
619 2787 838 2833 principaliter
865 2784 1006 2821 interesse

75 2835 336 2870 contrahentium
355 2862 365 2876 ‚
381 2837 520 2882 ideoque
540 2849 608 2883 quo
636 2840 772 2882 majores
797 2837 1005 2882 requiruntur

75 2885 216 2932 expensae
235 2886 268 2919 in
279 2885 549 2932 transportatione
563 2888 771 2931 pecuniarum
785 2897 912 2931 propter
929 2885 1004 2924 loci,

75 2933 256 2970 distantiam
275 2959 285 2974 ,
299 2947 337 2968 eo
352 2939 454 2981 majus
466 2934 597 2968 debetur
609 2936 749 2969 intercsle
763 2933 1006 2980 uansporranri,

76 2995 113 3017 ut
129 2982 252 3019 secutus
267 2983 334 3018 sum
345 2985 438 3031 fitpra
454 2998 472 3031 q
492 2997 691 3026 1.nnm.422.
707 2986 839 3031 &seqq-

123 3031 230 3067 sedin
255 3034 486 3068 mercatoribus
509 3032 726 3068 consideratur
751 3033 895 3068 inter-effe
907 3036 1004 3069 etiam

69 3093 202 3127 propter
231 3082 413 3116 distantiam
456 3085 608 3128 temporis
628 3108 637 3122 ,
680 3096 714 3117 ut
758 3095 1005 3130 argumentatur

67 3131 277 3166 Mich.Salad
296 3132 466 3167 D.Th0m.2
475 3159 479 3165 .
488 3132 578 3178 apost
590 3146 640 3180 qu.
657 3147 672 3169 7
684 3133 712 3166 8.
733 3136 764 3166 in
777 3131 893 3178 dispde
905 3132 1002 3166 camb.

66 3182 579 3227 qu.4.art.2.controv.18.nu.3.fhl
597 3188 785 3217 610,tom.2.
808 3185 840 3216 δε
855 3181 928 3217 licet
942 3181 1004 3228 ipse

69 3230 132 3264 hoc
145 3243 210 3263 non
223 3227 388 3276 sequatur,
405 3229 454 3265 sed
468 3242 602 3265 conetur
617 3233 820 3279 impugnare,
839 3243 947 3265 tamen
965 3233 998 3266 in

70 3277 262 3314 fortioribus
277 3280 421 3313 terminis
438 3305 447 3319 ‚
473 3293 598 3326 nempe,
613 3283 644 3312 in
663 3294 777 3314 mutuo
803 3279 933 3315 formali
963 3279 1004 3314 se-

71 3330 186 3373 quitur
200 3330 357 3363 Molin.de
368 3328 434 3371 just.
449 3340 519 3363 tom.
531 3344 559 3363 ι.
575 3331 611 3363 dc
628 3332 769 3368 ιαηινπῖἕ.
788 3330 899 3376 disput.
923 3343 932 3367 ς
948 3343 962 3362 2
973 3343 988 3372 5

72 3377 233 3424 vevfic.quo
242 3379 300 3410 loco
314 3378 503 3413 colum.201.
517 3377 570 3412 ubi
591 3378 730 3413 interesse
744 3379 822 3413 lutri
850 3376 1007 3418 celsium,

76 3433 105 3458 a&
124 3427 259 3460 aliarum
276 3425 483 3465 expensarum
499 3429 678 3466 mentun&
697 3431 779 3463 redte
792 3428 810 3462 a
823 3429 1005 3474 quantitate

77 3478 232 3522 temporis
249 3501 259 3515 ,
287 3476 396 3510 dicens
411 3502 419 3514 ‚
452 3476 540 3523 quod
560 3476 635 3510 sicut
654 3480 709 3524 qui
736 3479 849 3523 majori
867 3489 1010 3523 tempore

81 3537 231 3559 mutuum
258 3524 378 3559 detinet
398 3550 408 3565 ,
438 3525 508 3571 plus
535 3523 652 3560 solvere
670 3527 744 3562 solet
763 3541 820 3574 pro
838 3532 928 3560 lucro
946 3526 1010 3560 ees-

1063 391 1111 413 tas
1130 404 1140 418 ,
1172 389 1208 411 ut
1231 378 1290 423 qui
1314 374 1461 423 pluribus
1482 372 1642 409 mensibus
1672 374 1829 420 aequalem
1864 377 2007 422 pecuniae

1062 429 1280 475 quantitatem
1292 439 1329 460 ex
1347 436 1456 459 monte
1468 425 1595 469 pietatis
1618 434 1736 457 mutuo
1755 423 1876 458 detinet
1893 450 1903 463 ,
1915 450 1918 454 .
1930 425 2003 472 plus

1061 475 1246 511 contribuat
1261 500 1269 512 ,
1286 488 1345 520 pro
1361 475 1517 520 temporis
1535 483 1602 505 rata
1618 498 1628 509 ,
1653 471 1695 505 ad
1708 469 1834 506 easdem
1849 485 1999 508 commu-

1064 538 1117 559 nes
1136 526 1259 558 montis
1271 521 1421 569 expensas
1439 547 1449 561 ‚
1473 533 1633 568 quatenus
1647 520 1880 567 impedimento
1894 522 1948 558 est,
1959 535 1998 555 ne

1062 576 1114 609 alii
1143 573 1203 608 illis
1231 571 1391 607 mensibus
1413 585 1484 605 eam
1503 572 1688 614 accipiant,
1712 571 1770 614 qui
1806 570 1847 604 ad
1872 568 1997 604 easdem

1061 622 1212 670 expensas
1227 622 1468 656 contribuerent
1485 644 1495 658 ,
1513 618 1533 653 si
1552 619 1613 653 illis
1636 617 1797 654 mensibus
1812 631 1927 653 mutuo
1952 620 1998 652 eis

1066 673 1119 707 illa
1133 672 1262 706 daretur
1281 696 1291 710 ,
1306 675 1336 703 &
1357 696 1367 709 ‚
1382 667 1495 703 omisso
1510 669 1759 716 Theologorum
1790 669 1973 702 testimonio
1986 693 1994 705 ,

1064 721 1157 769 quod
1175 724 1205 754 in
1221 720 1360 754 interesse
1375 721 1418 753 ita
1434 717 1558 752 licitum
1589 716 1625 751 sit
1641 719 1860 765 argumentari
1883 716 1902 750 ὲ
1916 728 1996 750 tem-

1064 783 1141 817 pore
1155 770 1195 803 ad
1211 763 1318 802 lo'cum
1335 792 1347 808 ,
1368 780 1403 801 ut
1419 765 1507 813 quasi
1524 767 1594 812 plus
1611 765 1767 800 debeatur
1793 760 1935 800 interesse
1948 779 1994 800 ra-

1066 823 1154 853 tione
1169 819 1322 863 temporis
1339 842 1348 855 ‚
1362 829 1461 863 quam
1478 815 1553 854 loci,
1567 813 1722 861 probatur
1735 828 1775 849 ex
1789 817 1812 849 l*
1827 817 1882 849 ult.
1901 813 1939 859 ffi
1956 815 1995 848 de

1058 869 1281 902 conditl.tritic.
1300 866 1352 900 ubi
1370 863 1511 900 iuteress'e
1537 864 1673 899 debetur
1689 876 1755 898 tam
1773 868 1898 898 ratione
1913 876 1992 898 tem·

1061 919 1160 964 pmii,
1176 929 1276 962 quam
1293 915 1368 954 loci,
1387 914 1434 948 vel
1450 911 1557 948 saltem
1576 915 1732 952 dicemus,
1746 913 1837 960 quod
1860 911 1940 947 ficut
1957 915 1991 947 in

1061 965 1201 1001 interesse
1221 966 1545 1009 valetargumentum
1569 961 1587 996 ὲ
1620 975 1764 1008 tempore
1783 961 1825 996 ad
1853 963 1962 997 locum
1981 987 1992 1002 ,

1062 1018 1106 1049 ita
1121 1017 1218 1048 etiam
1238 1014 1339 1048 valeat
1352 1013 1369 1047 ὲ
1383 1014 1456 1046 loco
1468 1012 1508 1045 ad
1526 1023 1654 1058 tempus
1670 1035 1681 1051 ‚
1707 1016 1736 1043 δι
1763 1009 1994 1059 consequenter

1061 1064 1140 1099 ficut
1164 1060 1304 1098 intercise
1319 1062 1418 1108 potest
1433 1060 1537 1095 deberi
1564 1062 1690 1095 ratione
1708 1060 1794 1099 loci,
1823 1062 1868 1094 ita
1894 1061 1994 1095 etiam

1060 1115 1159 1161 potest
1179 1113 1284 1146 deberi
1299 1113 1422 1146 ratione
1433 1110 1588 1156 tempu-ris
1600 1134 1611 1149 ,
1639 1115 1671 1144 &
1683 1111 1787 1143 valete
1805 1111 1837 1143 in
1853 1105 1994 1143 interesse

1060 1175 1288 1211 argumentum
1305 1160 1345 1194 de
1361 1173 1507 1204 tempore
1521 1158 1562 1193 ad
1577 1159 1698 1198 locum,
1713 1157 1790 1193 ficut
1808 1157 1847 1193 de
1864 1158 1936 1192 loco
1950 1157 1993 1193 ad

1059 1225 1200 1256 tempus,
1214 1209 1355 1244 scribunt
1372 1210 1622 1255 Hier.Buttig.in
1636 1208 1833 1251 l.vinum.n.5
1846 1208 1950 1244 ,ὀύ-ι
1960 1219 1990 1248 7.

1051 1263 1373 1309 Jo.Ant.Rub.nu.18
1394 1267 1406 1289 θ
1419 1272 1447 1295 ⁴.
1460 1258 1498 1293 ῤ’
1507 1255 1637 1304 scqfffi
1645 1268 1717 1291 cert.
1730 1267 1789 1303 pet.
1807 1260 1886 1292 inter
1899 1267 1990 1303 repet.

1061 1308 1388 1354 tom.2fhl.80.81.&
1408 1309 1463 1350 89.
1481 1319 1556 1339 nam
1576 1306 1709 1352 pecunia
1721 1305 1831 1340 absens
1850 1319 1886 1340 ea
1897 1307 1994 1340 tatio-

1063 1373 1103 1393 ne
1135 1359 1271 1392 minoris
1303 1357 1386 1391 valet
1403 1381 1412 1397 ,
1443 1369 1543 1403 quam
1574 1357 1708 1401 pecunia
1734 1353 1866 1401 ptaescns
1881 1379 1892 1393 ‚
1913 1357 1994 1403 quia

1064 1407 1196 1455 praesens
1209 1408 1250 1441 est
1266 1410 1297 1442 in
1314 1417 1481 1453 promptu,
1493 1408 1525 1437 δε
1540 1405 1572 1437 in
1585 1404 1747 1445 manibus,
1760 1406 1802 1438 ita
1815 1417 1849 1438 ut
1862 1403 1995 1438 cuilibet

1063 1457 1245 1504 indigentiae
1262 1454 1356 1502 possit
1372 1455 1478 1488 starim
1495 1466 1661 1487 occurrere
1676 1479 1685 1493 ‚
1699 1454 1793 1501 quod
1807 1466 1872 1487 non
1890 1453 1933 1488 est
1961 1457 1995 1487 in

1063 1508 1197 1554 pecunia
1211 1505 1347 1545 absenti,
1363 1504 1495 1538 Romal.
1513 1503 1574 1536 Coti
1588 1505 1679 1536 trust.
1692 1505 1730 1536 de
1741 1502 1835 1538 camb.
1852 1513 1920 1549 cap.
1940 1513 1992 1544 17.

1063 1559 1158 1589 mitio.
1177 1555 1228 1589 Ad
1245 1556 1309 1589 haec
1324 1556 1406 1588 ratio
1422 1555 1464 1587 ita
1480 1551 1595 1585 militat
1610 1577 1619 1591 ‚
1648 1551 1670 1586 si
1685 1553 1820 1599 pecunia
1834 1550 1869 1586 sit
1883 1550 1995 1587 absens

1063 1606 1147 1644 loco,
1165 1604 1242 1639 sieut
1259 1603 1279 1637 si
1295 1603 1328 1637 sit
1342 1600 1453 1637 absens
1470 1614 1612 1647 tempore
1626 1615 1637 1633 .-
1665 1613 1743 1649 ergo
1761 1599 1913 1635 militabit
1936 1613 1990 1635 ea-

1065 1655 1137 1688 dem
1154 1652 1316 1699 dispofitiu
1332 1667 1340 1693 3
1356 1650 1405 1686 sed
1421 1651 1500 1696 quid
1512 1663 1642 1697 egemus
1658 1650 1800 1690 testibus,
1813 1651 1994 1697 juribus‚&

1066 1703 1328 1739 auetoritatibus,
1345 1700 1365 1734 fi
1379 1700 1440 1734 hoc
1454 1701 1535 1734 tatio
1566 1699 1719 1734 naturalis
1743 1701 1836 1735 docet
1854 1699 1995 1747 quemli-

1065 1752 1117 1787 bet
1145 1755 1243 1786 etiam
1286 1752 1440 1785 rusticum
1467 1774 1476 1788 ‚
1505 1761 1579 1782 nam
1617 1747 1639 1782 fi
1672 1750 1716 1782 ira
1754 1749 1797 1784 est
1836 1749 1994 1784 damnum

1068 1802 1148 1836 illud
1165 1828 1174 1841 ,
1204 1801 1295 1848 quod
1311 1800 1447 1834 creditor
1463 1800 1582 1844 patitur
1596 1800 1719 1832 rarione
1733 1800 1897 1844 temporis,
1916 1797 1994 1832 ficut

1066 1851 1159 1890 iilud,
1176 1852 1267 1898 qunti
1280 1849 1416 1883 creditor
1431 1849 1551 1894 patirur
1579 1849 1703 1881 ratione
1722 1847 1795 1886 loci,
1818 1853 1848 1883 ὰ
1866 1860 1995 1883 utrum.

1064 1915 1128 1947 que
1146 1900 1311 1943 arqualiret
1327 1895 1474 1932 causatur
1491 1896 1507 1930 ὲ
1524 1895 1680 1936 debitore,
1696 1909 1753 1931 cur
1768 1896 1894 1931 ‘debito-r
1910 1909 1994 1931 tene-

1065 1950 1152 1984 bitur
1167 1950 1207 1983 ad
1223 1962 1326 1983 unum
1342 1973 1352 1987 ,
1365 1951 1396 1980 &
1413 1960 1478 1980 non
1493 1944 1534 1979 ad
1547 1946 1704 1980 alterurn?

1113 2001 1230 2044 Neque
1248 1998 1322 2032 huic
1339 1997 1448 2042 primae
1466 1993 1707 2037 confirmationi
1723 2021 1731 2033 ,
1744 1993 1886 2030 fandarae
1900 1996 1994 2029 inar-

1062 2060 1217 2096 gurnenro
1237 2047 1254 2082 ὲ
1269 2047 1415 2080 distantia
1433 2046 1494 2079 loci
1516 2044 1556 2077 ad
1571 2044 1810 2091 longitudinem
1828 2045 1994 2091 temporis,

1062 2098 1165 2132 obstat
1183 2122 1193 2137 ‚
1226 2097 1316 2144 qubd
1344 2097 1375 2129 in
1401 2095 1602 2130 contrarium
1629 2093 1720 2128 sentit
1734 2097 1929 2139 joamAzor.
1955 2095 1994 2127 de

1062 2147 1332 2191 instic.moral.par.
1342 2144 1424 2188 3.l1⁴b.
1434 2154 1523 2178 10.t1t
1539 2144 1575 2176 de
1588 2143 1689 2187 ccnfib.
1707 2155 1812 2190 capii
1825 2168 1832 2177 .
1846 2143 1995 2189 verfiasfi-

1061 2210 1142 2235 nem,
1159 2196 1237 2229 dum
1252 2194 1371 2230 fatetur
1385 2219 1394 2231 ,
1420 2194 1587 2240 pecuniam
1599 2191 1787 2238 ‘praesentem
1804 2192 1902 2237 pluris
1913 2193 1991 2227 aesti-

1063 2247 1157 2284 mari,
1173 2258 1272 2292 quam
1299 2245 1468 2289 pecuniam
1497 2242 1568 2275 luco
1587 2242 1769 2279 distantem,
1789 2242 1839 2276 sed
1871 2253 1966 2289 negat
1985 2267 1995 2281 ‚

1063 2294 1160 2341 pluri‚·
1176 2294 1279 2328 valere
1296 2293 1466 2340 pecuniam
1483 2292 1664 2335 praesentem
1691 2316 1700 2329 ‚
1716 2304 1816 2337 quam
1832 2289 1994 2324 absentem

1063 2357 1218 2390 tempore,
1239 2347 1269 2376 &
1285 2342 1376 2389 quod
1390 2339 1537 2386 exprefle,
1553 2344 1583 2372 ὃ(
1603 2339 1669 2374 fuse
1685 2339 1791 2374 scribit
1806 2340 1991 2375 idimMich.

1060 2395 1128 2429 Sal.
1141 2388 1430 2437 d.c0ntrov.18.sub
1446 2403 1486 2422 nn
1506 2389 1884 2435 3.verfoppcfirum.&fiab
1898 2402 1992 2431 nu.4.

1060 2441 1284 2489 verfprobatur
1298 2439 1733 2486 amem.&seqq.fhl.610.&6
1743 2450 1754 2472 ι
1768 2451 1792 2471 r.
1809 2437 1942 2484 sequens
1956 2451 1994 2472 ex

1060 2494 1129 2526 Sot.
1158 2495 1275 2525 virtute
1308 2489 1425 2523 cambii
1442 2488 1521 2521 nihil
1549 2487 1639 2521 aliud
1663 2485 1721 2521 esse
1747 2488 1965 2534 recipiendum
1984 2514 1992 2525 ‚

1061 2554 1161 2589 quam
1187 2540 1279 2577 illud,
1296 2539 1387 2586 quod
1401 2536 1628 2580 reciperetur-,si
1643 2537 1755 2571 eodem
1768 2537 1832 2575 die,
1847 2550 1915 2583 quo
1927 2549 1993 2570 una

1058 2591 1152 2624 datur
1172 2591 1320 2636 pecunia,
1337 2600 1414 2633 puta
1431 2589 1462 2621 in
1480 2585 1725 2632 Hispania‚alia‚
1742 2585 1763 2620 si
1779 2585 1847 2620 fieri
1867 2584 1961 2632 posset
1981 2611 1991 2624 ,

1059 2641 1274 2674 restitueretur
1290 2640 1322 2672 in
1335 2637 1494 2676 Flaudria3
1511 2639 1542 2669 δε
1565 2635 1698 2680 proinde
1707 2634 1764 2682 fhb
1779 2635 1880 2669 eodem
1905 2648 1989 2669 num.

1062 2703 1093 2731 4.
1111 2689 1212 2730 versae
1227 2688 1354 2735 tertiosi
1372 2699 1443 2734 quc.
1474 2697 1580 2730 aperte
1607 2697 1704 2733 negat
1720 2710 1729 2723 ‚
1742 2684 1878 2719 eandem
1893 2686 1992 2718 ratio-

1060 2752 1131 2772 nem
1149 2737 1259 2772 haberi
1276 2739 1308 2771 in
1322 2736 1470 2770 distantia
1501 2736 1653 2781 temporis
1668 2761 1679 2773 ,
1706 2747 1778 2782 quae
1807 2733 1940 2768 habetur
1958 2734 1991 2767 in

1055 2787 1203 2822 distantia
1226 2787 1300 2821 loci.

1106 2838 1196 2880 Quia
1207 2835 1361 2882 respondeo
1375 2859 1383 2872 ,
1399 2832 1489 2880 quod
1517 2831 1648 2867 admissa
1660 2844 1728 2867 arte
1741 2831 1919 2879 campsoria
1933 2845 1992 2880 pro

1059 2886 1144 2921 licita
1161 2912 1169 2925 ,
1195 2884 1362 2920 nect-ffatim
1377 2880 1532 2931 sequitur,
1549 2894 1584 2917 ut
1596 2880 1753 2929 campsori
1767 2881 1858 2916 liceat
1873 2895 1910 2916 cx
1925 2880 1989 2930 ipsa

1058 2947 1125 2969 arte
1154 2934 1182 2969 se
1197 2932 1383 2968 conservare
1406 2934 1592 2967 indemnem
1607 2957 1617 2970 ‚
1651 2943 1717 2965 non
1744 2929 1846 2966 solum
1870 2933 1993 2964 tatione

1059 2984 1215 3022 laborem.
1229 2988 1259 3017 &
1275 2980 1498 3028 expensarum,
1510 2994 1582 3028 quae
1596 2981 1644 3015 uti
1660 2977 1834 3014 neceffariae
1845 2979 1990 3014 conside-

1058 3046 1169 3068 rantur
1185 3033 1226 3067 ob
1237 3034 1299 3067 luci
1313 3032 1542 3070 distantiam,&
1559 3030 1690 3064 ulterius
1718 3028 1810 3063 liceat
1826 3030 1855 3062 ei
1866 3029 1991 3076 aliquid

1057 3082 1189 3122 lucrari,
1205 3084 1283 3128 quia
1296 3083 1404 3115 omnis
1420 3079 1511 3114 labor
1525 3091 1616 3126 optat
1632 3080 1811 3125 praemium,
1825 3076 1876 3111 sed
1892 3079 1987 3113 etiarn

1058 3135 1182 3167 tatione
1200 3130 1419 3165 diuturnioris
1431 3131 1578 3164 carentiae
1600 3127 1660 3162 suae
1688 3128 1800 3164 mercis
1816 3152 1826 3166 ,
1840 3140 1907 3174 qua
1922 3140 1988 3162 me-

1055 3183 1164 3215 diante
1179 3207 1187 3219 ‚
1201 3195 1251 3214 ars
1269 3178 1322 3225 ipfi
1340 3180 1465 3212 lucrum
1492 3179 1597 3213 reddit
1615 3175 1700 3211 unde
1716 3189 1791 3210 cum
1807 3189 1843 3210 ex
1858 3176 1986 3211 diutur-

1057 3234 1139 3266 niori
1161 3243 1300 3274 pecuniae
1316 3226 1457 3262 absentia
1472 3229 1602 3275 gravius
1619 3228 1759 3272 patiatur
1786 3225 1928 3261 intercise
1940 3226 1991 3260 lu-

1055 3282 1100 3316 cri
1115 3276 1269 3318 cessantis,
1284 3280 1436 3312 convenit
1451 3278 1576 3323 justitiae
1589 3276 1845 3313 commutativae,
1860 3287 1895 3309 ut
1911 3274 1992 3310 illud

1056 3329 1196 3364 interesse
1215 3330 1242 3362 ei
1259 3326 1398 3362 sswlvatut
1415 3341 1424 3359 :
1453 3339 1530 3360 narn
1546 3330 1575 3360 ὃ(
1602 3326 1660 3372 qui
1676 3337 1798 3370 equum
1814 3323 1969 3360 conducit
1982 3350 1992 3363 ,

1055 3392 1093 3414 eu
1107 3383 1262 3420 maiorem
1281 3377 1373 3411 debet
1388 3376 1524 3411 locatori
1552 3373 1733 3409 mercedem
1750 3397 1761 3412 ‚
1780 3385 1848 3419 quo
1865 3374 1993 3421 longio-

1061 3430 1086 3463 ri
1103 3440 1248 3473 tempore
1266 3426 1307 3459 est
1322 3423 1436 3460 usurus
1451 3438 1552 3471 equo,
1565 3424 1620 3469 qui
1640 3435 1713 3456 eum
1729 3424 1856 3457 interim
1873 3422 1996 3457 locator

1063 3490 1128 3511 non
1146 3477 1243 3519 potest
1255 3475 1345 3509 alteri
1363 3474 1481 3513 locare,
1508 3472 1557 3508 sed
1573 3468 1717 3517 campsor
1741 3470 1819 3505 facit
1841 3484 1877 3506 ex
1899 3485 1997 3519 pecu-

1065 3528 1118 3560 nia
1144 3526 1269 3560 lucrum
1318 3523 1410 3570 quod
1433 3524 1557 3558 locator
1583 3526 1658 3567 equi
1685 3519 1760 3554 facit
1775 3533 1812 3555 ex
1829 3534 1915 3568 equo
1927 3547 1937 3560 ‚
1965 3525 1998 3555 ὃ(

93 3586 181 3615 ante,
195 3587 233 3608 eo
257 3574 346 3620 quod
365 3577 480 3621 majori
497 3587 643 3621 tempore
671 3580 775 3622 majus
793 3576 918 3610 lucrum
941 3589 1015 3609 mu·
1066 3577 1144 3623 quia
1159 3575 1219 3608 hoc
1247 3585 1331 3619 patet
1358 3572 1398 3607 ad
1415 3571 1540 3607 sensum
1557 3596 1566 3608 ‚
1592 3574 1623 3604 ὅ(
1664 3571 1857 3615 experientia
1880 3571 1999 3607 docet,

95 3625 184 3658 uanti
200 3622 315 3658 cessare
330 3623 420 3665 solet,
434 3623 474 3660 sic
489 3625 600 3665 eriam,
618 3627 742 3675 inquit,
759 3624 895 3676 postulat
912 3626 1017 3671 aequi-
1069 3621 1133 3660 non
1151 3634 1277 3673 oportet
1292 3621 1454 3672 disputare
1469 3636 1479 3662 3
1492 3620 1579 3656 secus
1596 3631 1706 3655 autem
1725 3621 1767 3653 est
1790 3621 1823 3653 in
1840 3624 1969 3667 privato
1987 3643 1998 3656 ‚

1650 3669 1681 3703 N
1717 3681 1730 3711 3

1947 3668 2007 3715 qui
