2400 3939
217 655 259 688 61

209 1439 252 1472 62

208 1722 251 1768 ⁶3

203 3543 251 3585 64

303 169 412 222 450

297 250 419 272 numer.
453 237 502 270 18.
537 236 580 270 de
603 236 723 271 damno
750 236 932 281 emergenti
953 263 962 275 ,
987 238 1025 271 ,δε
1053 236 1224 282 distinguo
1242 261 1251 276 ‚

299 297 338 320 ut
367 285 422 319 sol.
448 297 569 318 manfr.
595 297 646 330 57.
679 286 764 331 vers.
776 286 883 330 fiatis.
913 285 1156 320 Aurinteresse
1172 295 1250 328 pro-

298 334 390 368 cedit
425 333 444 366 a
476 332 595 366 debito
628 333 775 380 alicujus
803 332 944 376 speciei,
967 343 1004 365 ut
1038 342 1120 374 puta
1142 357 1151 371 ‚
1184 329 1251 364 fru-

298 381 399 415 meuti
414 406 425 421 ,
443 381 526 421 vini,
551 382 584 414 ὅ(
610 377 783 420 similium,
808 382 840 414 ὃς
862 379 925 414 isto
941 378 1017 414 casu
1033 378 1113 413 dico
1137 376 1251 412 adhuc

295 426 410 463 deberi
441 428 543 464 solum
571 427 724 462 interesse
752 427 961 462 intrinsecum
1001 427 1089 461 circa
1111 438 1202 466 rem,
1226 423 1249 458 si

295 476 342 511 ita
372 477 485 511 vocari
513 476 644 521 posset,
681 475 944 522 repugnantibus
968 474 1024 515 iis,
1054 473 1134 521 qua}
1155 471 1251 519 scrip·

298 525 320 558 fi
334 527 410 572 sup.
431 537 552 558 numer.
574 536 629 566 9¹·
653 537 709 557 non
726 536 833 556 autem
856 523 995 570 intereffe
1027 523 1248 567 extrinsecum,

299 573 322 606 l.
357 585 410 605 22.
428 573 598 617 fifh-:ilis
618 576 655 613 js.
678 584 747 604 cum
769 582 826 615 per
852 570 1052 604 venditorem
1068 571 1107 615 ff,
1130 570 1171 602 de
1184 570 1247 602 ac‘s.

299 633 395 666 empt.
421 622 520 665 cujus
544 629 654 653 textus
681 619 778 651 verba
798 618 893 652 retuli
906 617 1055 664 sup.sub
1076 630 1160 653 num.
1193 629 1247 661 39.

300 670 325 713 †
349 669 425 702 Aut
451 667 606 712 procedit
631 667 648 700 ἐι
672 665 790 700 debito
811 667 1025 711 pecuniarum
1039 692 1048 706 ,
1069 667 1100 699 ὃ(
1116 666 1178 699 isto
1195 676 1249 698 ca-

296 715 334 749 su
355 716 548 753 concludo,
571 715 651 750 illud
673 714 857 747 mdiilwste
888 713 1024 755 deberi,
1049 712 1248 760 quomodo-

296 775 433 810 cunque
460 764 496 798 sit
513 763 663 801 anetum,
687 761 741 794 seu
764 763 1018 807 multiplicatum
1034 788 1042 801 ,
1074 761 1107 794 δε
1133 761 1241 794 calcu-

295 811 393 846 latum
407 838 415 851 ,
443 813 513 845 Rot.
536 811 688 891 Gcnueigl
710 810 780 844 a'cc.
798 812 851 856 87.
874 812 925 845 Jo,
950 809 1059 854 Steph.
1088 811 1121 842 in
1139 807 1247 852 fi.sub

295 872 418 893 numer.
442 871 475 901 9.
498 860 530 893 ὃς
559 870 646 906 quan
676 870 696 891 o
723 857 767 897 is,
789 860 848 902 qui
871 857 970 891 debet
989 856 1248 896 cambi0,acce-

294 905 389 952 pisset
412 907 535 941 deinde
555 908 686 940 cambio
713 907 754 940 ab
781 907 847 940 alio
872 905 1009 940 eandem
1029 904 1181 938 summam
1205 904 1243 936 si-

292 955 325 988 bi
351 955 369 988 a
392 954 449 990 suo
474 954 628 989 debitore
656 967 721 988 non
751 953 911 993 solutam,
944 955 976 986 &
1007 953 1051 986 fic
1087 952 1246 998 deinceps

292 1003 474 1049 accepisset
487 1004 528 1036 ab
540 1003 621 1041 siliis,
636 1002 731 1048 quod
742 1002 804 1036 islo
816 1000 902 1041 casu,
917 1000 1021 1034 desto
1032 1027 1040 1039 ,
1054 1000 1150 1047 quod
1170 1012 1246 1044 pro-

292 1062 367 1097 pter
395 1063 518 1085 moram
542 1050 585 1083 sui
611 1049 775 1084 debitoris
805 1049 936 1093 accepit
955 1049 1087 1082 cambio
1099 1049 1140 1082 ab
1151 1050 1244 1088 aliis,

292 1098 391 1144 poliit
413 1099 500 1146 juste
527 1097 685 1143 consequi
703 1095 856 1131 interesse
875 1096 1012 1131 alterius
1028 1095 1193 1135 interesse,
1211 1095 1247 1128 si-

294 1159 336 1181 ve
363 1147 419 1179 illa
440 1145 610 1187 interesse,
637 1147 670 1179 <Sc
696 1146 814 1178 damna
829 1145 887 1178 sint
906 1143 1054 1190 expresse
1072 1144 1090 1177 a
1110 1143 1245 1178 debito-

292 1206 328 1228 re
349 1194 523 1240 promissa,
549 1193 616 1227 five
638 1205 703 1228 non
719 1219 728 1233 ,
753 1204 831 1239 quia
849 1192 997 1226 creditor
1017 1193 1086 1239 agit
1101 1192 1142 1226 de
1159 1192 1248 1225 dam-

290 1255 337 1276 no
356 1242 515 1277 evitando
529 1268 538 1283 ⁷
564 1241 696 1281 scribit,
724 1239 823 1274 fuisse
843 1240 1026 1274 resolutum
1045 1253 1076 1273 in
1095 1238 1199 1280 Rota,
1215 1240 1248 1273 &

292 1289 540 1338 sequitur„licet
555 1302 621 1324 non
632 1289 754 1335 alleget
769 1287 1022 1336 dec.V1'rgin.de
1033 1288 1246 1322 Boc-ammes.

292 1339 336 1372 de
348 1337 467 1372 interd.
482 1337 645 1385 utipoffid.
658 1338 744 1371 c.18.
756 1339 855 1381 n.65.
881 1336 993 1379 verfic.
1005 1336 1107 1375 fimon.
1120 1347 1194 1370 tom.
1217 1348 1247 1380 3.

292 1396 381 1433 part.
399 1387 507 1434 2.fol.
528 1398 605 1430 3¹3·

344 1435 598 1480 Comprobatur
613 1433 688 1468 haec
699 1432 882 1473 conclusio,
904 1431 984 1479 quia
999 1432 1020 1465 st
1034 1431 1090 1466 ista
1104 1433 1247 1467 conclu-

293 1482 341 1518 fio
356 1481 510 1528 procedit
523 1481 554 1515 in
569 1480 723 1517 interesse
752 1481 835 1515 lucri
859 1480 1032 1520 cessantis,
1050 1492 1086 1514 ut
1109 1480 1247 1515 secutus

295 1532 446 1578 sumsitp.
460 1530 542 1564 num.
556 1542 612 1574 49.
627 1528 886 1575 verssecundm,
896 1528 1004 1562 multo
1016 1529 1122 1576 magis
1132 1541 1250 1575 proce-

293 1577 352 1613 det
366 1580 398 1612 in
412 1576 566 1613 interesse
577 1577 686 1612 damni
708 1578 908 1622 emergentis
921 1604 929 1618 ‚
950 1588 1007 1622 per
1022 1588 1069 1616 ea,
1082 1589 1162 1624 quae
1177 1578 1245 1611 dixi

283 1628 388 1674 fitpra
406 1627 437 1672 ξ.
458 1638 486 1660 ι.
504 1640 534 1673 q.
546 1638 663 1674 7.par.
682 1626 908 1673 2.ampl.8.n.
929 1628 1006 1661 181.
1022 1626 1098 1673 187.
1112 1625 1146 1663 (ἐν’
1160 1639 1246 1660 num.

295 1676 376 1719 269.
395 1676 530 1724 &fiqq.

341 1723 480 1767 Quaero
497 1722 630 1757 decimo
642 1721 743 1756 tertio
753 1719 986 1763 succeffive‚an
1001 1720 1156 1756 interesse
1168 1724 1247 1769 (cu-

290 1770 394 1818 jusvis
411 1770 583 1818 qualitatis
601 1771 650 1811 sit,
666 1771 732 1805 five
743 1770 781 1803 fit
795 1780 858 1816 pro
883 1771 990 1817 primo
1003 1796 1012 1810 ‚
1028 1771 1062 1804 δε
1081 1770 1250 1817 sequenti-

290 1821 355 1854 bus
366 1819 467 1860 annis,
479 1817 521 1852 de
537 1818 641 1865 prima
654 1820 686 1853 &
705 1817 803 1852 unica
825 1817 914 1852 sorte
929 1845 938 1860 ,
961 1818 1078 1852 fivesit
1093 1818 1249 1853 interesse

290 1867 390 1902 etiam
405 1866 539 1902 alterius
554 1866 715 1905 interesse,
738 1866 804 1899 five
821 1866 857 1900 fit
871 1866 953 1900 lucri
979 1864 1132 1900 cessantis
1149 1893 1159 1906 ‚
1180 1867 1246 1901 five

289 1915 400 1949 damni
416 1915 644 1961 emergentis)
659 1913 756 1961 possit
773 1914 936 1949 excedere
958 1914 1099 1957 sortem,
1115 1919 1147 1952 ὃς
1160 1915 1248 1951 sum-

290 1976 374 1998 mam
396 1963 502 1998 totius
518 1962 694 2009 capitalis?

338 2010 557 2058 Respondeo,
573 2022 685 2046 extare
708 2011 898 2058 opiniones.

337 2058 445 2093 Prima
465 2059 501 2094 fit
516 2060 632 2106 opinio
650 2060 819 2107 negativa,
840 2058 938 2106 quod
957 2071 1024 2094 non
1038 2058 1135 2106 poffit
1163 2060 1244 2094 mul-

271 2108 434 2154 vtiplicari
464 2107 550 2141 ultra
569 2108 709 2160 capitale
726 2135 734 2149 ‚
758 2118 863 2156 quare
886 2107 1101 2156 flatimatque
1128 2119 1248 2155 aequa-

288 2165 375 2190 vertt
393 2154 548 2202 capitale,
561 2156 702 2190 ulterius
724 2168 791 2190 non
809 2164 923 2190 curret
937 2182 946 2197 ,
965 2158 998 2190 &
1025 2155 1174 2190 creditor
1187 2156 1244 2190 sibi

286 2206 443 2249 imputet,
459 2204 517 2250 qui
534 2215 596 2237 tam
609 2203 668 2237 diu
684 2202 795 2242 cessat,
813 2215 851 2239 ut
867 2203 1020 2238 interesse
1045 2203 1166 2239 sortem
1190 2216 1245 2239 ex-

285 2251 396 2292 cedat,
411 2262 487 2284 cum
507 2251 669 2296 ejusmodi
683 2251 893 2286 accessionib.
911 2251 984 2285 finis
997 2251 1118 2300 aliquis
1136 2252 1172 2287 sit
1187 2252 1245 2285 im-

286 2298 482 2347 ponundus,
501 2301 535 2335 ὃ(
550 2299 681 2334 ratione
698 2300 867 2334 usurarum
885 2327 894 2340 ,
927 2301 960 2334 δε
989 2299 1143 2335 interesse
1161 2300 1244 2334 nihil

287 2347 441 2393 amplius,
454 2358 553 2395 quam
569 2347 707 2394 duplum
721 2348 815 2394 exigi·
826 2347 924 2393 poffit
936 2375 945 2389 ,
971 2349 1022 2382 Jo.
1050 2350 1144 2395 Bapt.
1159 2352 1245 2397 Lup.

287 2399 321 2430 in
354 2396 377 2429 l.
402 2396 529 2429 curabit
556 2398 588 2441 ξ.
617 2398 648 2429 6.
679 2408 802 2432 numer.
826 2409 880 2432 20.
910 2395 1003 2436 verli.
1030 2395 1064 2436 fi.
1091 2397 1125 2431 (φ’
1153 2398 1186 2443 ᾗ.
1214 2409 1244 2441 3.

286 2455 410 2479 numer.
431 2455 486 2488 34.
501 2445 534 2477 C.
550 2444 591 2477 de
603 2444 661 2478 aa.
683 2455 779 2490 empt.
807 2447 890 2478 inter
915 2444 1010 2477 trafs.
1025 2444 1149 2490 divers
1169 2457 1244 2480 tom.

287 2490 397 2539 7.fol.
417 2503 428 2524 1
442 2502 492 2537 ¹7·
507 2492 634 2540 Virgin.
648 2491 690 2526 de
706 2493 800 2526 Bocc.
817 2492 914 2525 tract.
940 2491 982 2525 de
995 2492 1114 2526 interd.
1137 2492 1246 2539 poſjid.

288 2553 317 2574 c.
339 2539 386 2574 18.
405 2550 524 2572 numer.
539 2553 594 2583 74.
611 2539 705 2579 verli.
725 2540 867 2586 intereffe
879 2540 1028 2586 insolito.
1041 2551 1116 2573 tom.
1131 2552 1244 2588 3.par.

287 2587 474 2633 2.fol.314.
489 2587 521 2621 ὅ(
536 2587 620 2622 hanc
636 2588 829 2633 opinionem
843 2585 908 2621 esse
923 2587 1027 2633 magis
1039 2587 1176 2622 amicam
1193 2588 1245 2622 lit-

287 2645 372 2670 terae
383 2634 406 2668 l.
426 2637 538 2676 unicae,
551 2637 584 2669 C.
598 2637 638 2669 de
643 2640 730 2682 sent.
744 2648 809 2682 que
817 2646 875 2682 pro
892 2647 937 2675 eo,
954 2635 1019 2671 &a
1029 2634 1141 2670 scribit
1152 2638 1242 2671 Curt.

286 2687 361 2722 Jun.
376 2686 407 2716 in
420 2683 482 2716 illa
493 2683 516 2716 l.
531 2684 596 2730 sub
610 2685 738 2719 numer,
750 2695 764 2728 5
775 2695 804 2728 5.
822 2683 903 2718 licet
923 2683 1102 2718 titubando
1114 2709 1122 2723 ‚
1136 2683 1241 2726 dicat,

286 2730 426 2778 quando
450 2729 543 2764 casus
556 2742 760 2772 occurreret,
779 2730 844 2764 esse
857 2731 972 2764 melius
991 2731 1214 2777 cogitandum
1229 2758 1238 2773 ‚

285 2777 430 2827 &quod
450 2777 602 2813 interesse
621 2790 690 2812 non
713 2778 809 2825 poffit
831 2779 994 2813 excedere
1014 2778 1134 2814 sortem
1152 2806 1161 2821 ,
1184 2778 1241 2815 sed

284 2827 315 2861 ei
334 2824 546 2874 possitsolum
562 2824 747 2873 adaequari‚
763 2826 908 2861 scribunt
919 2828 1002 2861 Dec.
1021 2830 1054 2860 in
1071 2826 1105 2861 d.
1125 2827 1148 2861 l.
1167 2831 1240 2861 uni-

284 2888 337 2916 ca,
352 2877 384 2908 in
400 2887 429 2908 2.
448 2875 519 2908 left.
533 2886 594 2908 not.
612 2875 646 2912 ἐπ’
660 2886 781 2908 numer.
796 2887 829 2916 4.
859 2875 892 2910 (θ’
905 2876 968 2908 alii
979 2901 988 2916 ,
1007 2876 1241 2922 quossequitur

283 2917 386 2957 Surd.
419 2922 520 2964 confil.
555 2923 633 2968 389.
658 2925 815 2956 tonvenit.
846 2934 968 2956 numer.
999 2934 1051 2963 14.
1077 2922 1134 2956 lib.
1149 2934 1178 2967 3.
1206 2924 1241 2958 δε

281 2970 369 3005 hanc
381 2969 575 3016 opinionem
589 2969 792 3017 disputando
803 2969 951 3017 sequitur
962 2972 1047 3005 Ant.
1061 2970 1103 3004 de
1119 2970 1236 3007 Gamb.

282 3019 355 3053 dec.
378 3029 391 3051 1
404 3030 454 3051 ιο.
470 3020 502 3051 in
512 3018 570 3052 lite
583 3030 680 3052 mota.
693 3029 813 3052 numer.
838 3031 891 3062 30.
914 3018 1043 3066 &seqq.
1076 3019 1110 3052 &
1129 3029 1237 3054 veram

282 3065 535 3101 conclufionem
547 3065 612 3100 effe
627 3065 710 3101 dicit
720 3066 785 3112 sub
794 3078 915 3100 numer.
934 3079 982 3112 31.
998 3065 1150 3111 verfi.ad
1163 3077 1238 3114 pro-

281 3114 402 3149 bation.
434 3113 469 3150 ὠ·
483 3114 554 3150 dec.
585 3115 663 3149 218.
690 3117 722 3147 in
747 3116 847 3160 causa
873 3125 996 3149 numer.
1025 3114 1118 3154 versi.
1132 3119 1238 3161 primo

282 3158 373 3208 quia,
393 3163 426 3196 δι
443 3161 539 3207 quod
557 3161 665 3196 usurae
682 3160 778 3195 etiam
792 3161 825 3194 in
840 3162 974 3196 nautica
986 3161 1130 3208 pecunia
1144 3161 1239 3210 supra

282 3210 424 3255 duplum
439 3209 525 3256 exigi
540 3223 606 3249 non
620 3208 812 3256 poffinused
827 3209 919 3243 simul
935 3221 974 3244 ac
987 3209 1108 3245 sortem
1125 3221 1240 3257 aequa-

285 3255 546 3298 verint‚ceffent‚
562 3269 604 3291 ne
615 3268 729 3291 omnes
744 3256 915 3292 hominum
936 3257 1113 3292 facultates
1127 3258 1239 3294 usurae

286 3303 557 3349 depascerentur,
577 3305 688 3340 scribit
705 3304 791 3337 idem
810 3306 893 3352 Lup.
905 3304 939 3339 d.
953 3307 985 3351 ξ.
1007 3318 1036 3350 3.
1049 3318 1168 3340 numer.
1185 3319 1240 3352 3¹·

280 3353 346 3401 fol.
367 3366 378 3386 ι
390 3353 487 3387 16.&
502 3353 598 3389 satius
617 3352 751 3388 videtur
769 3353 901 3396 probari
917 3354 994 3388 ext.
1010 3367 1043 3396 4.
1061 3353 1147 3388 nihil
1157 3357 1239 3388 inse-

289 3400 362 3440 rest.
370 3402 412 3445 ff.
425 3401 466 3434 de
475 3413 564 3435 naut.
573 3403 654 3449 foen.
675 3405 706 3434 in
724 3400 795 3433 illis
806 3401 929 3441 verbis,
951 3402 1037 3447 qudd
1056 3404 1091 3436 in
1099 3401 1242 3451 fingulos

290 3448 364 3481 dies
382 3449 609 3493 instipulatum
624 3449 796 3483 deduflum
815 3449 870 3495 est,
890 3450 937 3482 ad
948 3449 1049 3493 finem
1074 3449 1242 3494 centestmae

292 3505 351 3530 non
363 3495 454 3528 ultra
468 3496 603 3542 duplum
613 3498 758 3532 debetur.

313 3540 317 3544 ⁴
340 3541 529 3578 Secundam
552 3544 744 3590 opinionem
759 3543 986 3583 affirmativam
1004 3572 1016 3588 ,
1042 3547 1242 3583 contrariam

681 143 1035 226 ‘sigismundi
1066 147 1307 203 Scacciae
1340 146 1536 205 Tra&
1569 144 1642 204 de
1678 148 1971 205 Continet,

1302 237 1510 281 praecedenti
1526 264 1535 280 ,
1555 248 1646 274 tenet
1664 239 1762 286 Cagn.
1776 241 1808 271 in
1824 237 1885 272 ἄλ.
1900 235 2078 282 unica,fi1b
2091 247 2121 270 n.
2139 235 2254 282 58.59.

1306 286 1361 318 60.
1376 285 1410 321 (θ’
1439 288 1457 318 6
1467 300 1493 319 1.

1351 332 1580 376 confirmatur
1592 333 1697 379 primo
1713 333 1787 368 haec
1797 332 1924 378 opinio,
1938 332 2016 380 quia
2027 331 2110 366 sicut
2120 331 2253 366 censua-

1301 380 1380 421 rius,
1399 381 1433 414 δε
1450 380 1784 416 αοηάυξὶοτίοίνυηι
1796 379 1925 420 census,
1939 384 1972 415 ὅ(
1983 379 2253 426 pensiones,quae

1302 439 1341 461 ex
1352 439 1512 463 annorum
1527 428 1743 464 multitudine
1753 428 1889 474 possunt
1903 428 2006 475 longe
2026 427 2189 461 excedere
2201 439 2253 459 va-

1302 475 1407 509 lorem
1419 476 1514 510 sortis
1529 476 1658 517 census,
1675 478 1707 510 ὃς
1720 478 1762 509 rei
1779 478 1901 511 locatae
1914 503 1923 515 ,
1941 476 1987 510 ita
2000 476 2097 510 etiam
2117 475 2253 510 interes-

1304 523 1334 557 se
1348 550 1357 563 ‚
1383 524 1479 570 quod
1492 524 1649 569 procedit
1663 524 1679 557 a
1694 524 1794 571 longa
1810 524 1954 571 plurium
1967 534 2128 558 annorum
2147 534 2251 564 mora,

1304 573 1413 616 poten
1430 571 1591 606 excedere
1606 572 1757 618 capitale.

1350 619 1579 654 Confirmatur
1598 618 1745 654 secundo
1763 632 1801 653 ex
1815 618 1874 659 his,
1886 630 1965 666 quae
1992 618 2100 666 scripsi
2123 621 2199 666 infr.
2216 630 2248 653 n.

1301 678 1359 710 94.
1371 668 1501 714 &fiqq-
1520 667 1552 701 &
1569 666 1747 713 praesertim
1763 681 1792 701 n.
1816 679 1890 708 104.

1351 715 1470 762 Aliqui
1487 727 1516 747 m
1533 716 1595 748 hac
1611 715 1838 750 controversia
1852 714 2126 762 dicebant,quod
2142 715 2251 751 usurae

1301 762 1436 808 legales,
1455 763 1497 796 de
1509 763 1605 810 quib.
1620 763 1806 810 loquiturl.
1826 766 1880 796 26.
1899 776 1951 797 eos
1966 767 2007 804 5.
2021 766 2124 811 super
2135 766 2253 810 usura-

1301 823 1382 845 rum.
1394 814 1427 845 C.
1444 810 1485 844 de
1499 814 1586 856 usur.
1600 821 1665 845 non
1683 821 1836 857 poterant
1849 811 1989 856 duplum
2000 811 2176 852 excedere,
2195 810 2252 845 sed

1302 858 1544 893 usuraenossrae
1559 859 1664 892 hodie
1675 857 1809 905 possunt
1826 859 1988 893 excedere
2007 886 2015 899 ,
2036 862 2069 896 &
2094 859 2126 894 in
2144 857 2254 893 infini-

1302 917 1374 940 tum
1393 905 1561 952 protendi,
1573 909 1606 942 ὃς
1618 907 1702 941 ratio
1720 905 1919 942 differentiae
1929 908 2112 942 secundum
2123 919 2182 942 eos
2193 907 2252 948 est,

1301 955 1382 1001 quia
1399 955 1429 987 in
1447 954 1509 988 illis
1531 953 1693 1000 legalibus
1709 954 1857 989 creditor
1873 965 2006 1001 poterat
2025 966 2152 1002 cogere
2162 954 2256 988 debi-

1304 1013 1411 1037 torem
1428 1002 1470 1036 ad
1488 1002 1730 1037 restitutionem
1751 1002 1871 1046 sortis;
1888 1002 1979 1036 unde
1992 1003 2014 1037 fi
2036 1015 2104 1038 non
2134 1002 2253 1049 cogit,
2293 1026 2296 1028 -

1302 1052 1336 1084 ὅς
1355 1048 1662 1092 excedantsortem,
1676 1049 1734 1085 sibi
1756 1050 1900 1097 imputet
1917 1077 1926 1091 ‚
1938 1051 1998 1098 qui
2020 1063 2086 1087 non
2101 1050 2210 1098 cogit,
2223 1059 2258 1085 at

1304 1099 1322 1133 ἑ
1337 1097 1512 1140 converso,
1527 1097 1606 1145 quia
1620 1099 1652 1132 in
1663 1098 1783 1133 nostris
1797 1097 1900 1133 usuris
1909 1110 1976 1133 non
1995 1098 2040 1133 est
2054 1098 2087 1132 in
2109 1098 2257 1146 potesta-

1306 1158 1340 1181 te
1366 1145 1542 1181 creditoris
1569 1157 1694 1193 cogere
1729 1145 1914 1180 debitorem
1943 1146 1985 1180 ad
2011 1146 2257 1182 restitutionem

1304 1194 1399 1230 sortis
1417 1221 1427 1236 ‚
1448 1193 1502 1229 sed
1530 1194 1635 1229 statin
1649 1195 1814 1240 potestate
1825 1194 2005 1236 debitoris,
2024 1195 2164 1244 quando
2183 1194 2259 1229 vult

1305 1242 1500 1284 restituere,
1526 1241 1606 1277 ideo
1629 1243 1790 1277 convenit
1820 1242 1963 1283 rationi,
1996 1253 2036 1278 ut
2069 1241 2190 1289 poffint
2220 1253 2258 1275 u-

1303 1289 1388 1325 surae
1417 1291 1451 1324 in
1479 1289 1644 1324 infinitum
1674 1289 1855 1336 protendi,
1886 1301 1925 1325 ut
1942 1291 2069 1333 refert,
2112 1290 2194 1325 nihil
2224 1290 2258 1324 in

1303 1338 1370 1372 hoc
1388 1338 1660 1379 determinando,
1677 1340 1806 1385 Boninsl
1818 1339 1915 1373 trabi.
1925 1340 1967 1373 de
1981 1339 2081 1374 vend.
2101 1338 2149 1373 ad
2161 1350 2256 1387 remp.

1302 1401 1329 1421 c.
1370 1415 1376 1422 .
1393 1399 1423 1422 n.
1440 1399 1456 1419 2
1467 1399 1495 1422 ι.

1347 1398 1420 1470 3Pro
1432 1434 1535 1481 hujus
1552 1434 1752 1484 quaestionis
1765 1433 2045 1472 determinatione
2081 1438 2256 1484 praemitto

1303 1482 1428 1530 aliqua.

1352 1531 1463 1567 l’rimo
1487 1533 1660 1580 praemitto
1675 1558 1685 1573 ‚
1709 1532 1806 1580 quod
1827 1532 1913 1567 DD.
1938 1531 1998 1580 qui
2021 1531 2161 1567 tractant
2172 1531 2258 1579 hanc

1302 1579 1522 1626 quaestionem
1545 1581 1737 1627 fimpliciter
1758 1581 1824 1615 fine
1862 1580 2096 1622 distinetione,
2122 1579 2259 1626 possent

1304 1627 1412 1664 videri
1436 1630 1526 1676 quafi
1550 1629 1631 1664 invti
1655 1640 1785 1673 errare3
1810 1629 1870 1676 qui
1901 1640 1982 1663 vero
2009 1639 2086 1662 cum
2119 1627 2257 1662 distinc-

1305 1676 1398 1711 tione
1411 1703 1419 1717 ‚
1442 1678 1599 1712 videntur
1620 1678 1662 1712 ad
1684 1678 1856 1712 veritatem
1876 1676 2102 1724 propinquius
2118 1674 2259 1712 accede-

1304 1737 1361 1764 re,
1386 1736 1462 1759 cum
1491 1727 1525 1760 d.
1551 1725 1575 1761 l.
1610 1729 1727 1765 unica,
1760 1725 1852 1760 edita
1891 1726 1934 1760 ad
1969 1723 2259 1759 determinandum

1304 1772 1396 1806 hunc
1417 1773 1595 1808 articulum
1609 1800 1619 1814 ,
1642 1773 1840 1809 determinet
1850 1784 1926 1807 cum
1948 1771 2176 1807 distinftione:

1353 1821 1514 1856 Secundo
1539 1822 1711 1867 praemitto
1733 1821 1830 1869 quod
1848 1821 1880 1855 in
1909 1820 2037 1856 mundo
2052 1832 2119 1856 non
2133 1820 2180 1855 est
2194 1820 2256 1855 ssa-

1304 1877 1416 1903 tutum
1447 1869 1493 1904 ita
1525 1869 1728 1910 obscurum,
1753 1870 1838 1904 ficut
1867 1868 1912 1903 est
1946 1869 1980 1903 d.
2009 1869 2034 1902 l.
2067 1871 2189 1911 unica,
2221 1871 2257 1903 C.

1304 1918 1346 1950 de
1371 1919 1459 1964 sent.
1486 1931 1549 1965 quae
1568 1930 1626 1966 pro
1647 1931 1707 1960 eo,
1737 1918 1800 1954 (rc.
1827 1917 1906 1952 dum
1934 1917 2050 1957 statuit
2084 1915 2192 1963 usque
2216 1916 2260 1952 ad

1304 1977 1405 2012 quarn
1434 1965 1657 2010 quantitatem
1685 1976 1820 2011 petatur
1841 1963 2020 2005 interesse,
2049 1965 2083 1998 δε
2110 1964 2261 2000 obscuri-

1304 2023 1356 2047 tas
1384 2014 1419 2047 d.
1440 2014 1464 2049 l.
1491 2027 1559 2049 non
1584 2013 1741 2061 procedit
1765 2026 1806 2048 eo
1841 2014 1921 2060 quia
1955 2012 2098 2049 latinitas
2121 2013 2193 2059 ejus
2221 2011 2261 2049 fit

1303 2061 1447 2096 obscura
1463 2088 1473 2103 ,
1494 2074 1564 2097 uno
1586 2062 1681 2108 plana
1699 2089 1709 2104 ‚
1742 2061 1796 2096 sed
1822 2060 1982 2096 sententia
2019 2062 2095 2107 ejus
2118 2061 2260 2096 obscura

1304 2109 1423 2150 nimis,
1448 2119 1484 2144 ut
1506 2112 1580 2145 Jac.
1600 2114 1725 2146 Raven.
1749 2110 1902 2157 sequitur
1929 2112 2004 2154 Cyn.
2032 2112 2065 2144 in
2092 2108 2126 2143 d.
2151 2109 2174 2143 l.
2191 2112 2262 2144 um·-

1303 2170 1344 2191 ιιι
1358 2183 1367 2197 ,
1387 2169 1509 2192 numer.
1533 2160 1584 2193 18.
1606 2170 1635 2205 q.
1674 2172 1703 2203 3.
1733 2159 1766 2192 δε
1782 2158 1837 2193 ubi
1862 2157 2011 2204 specialis
2039 2156 2168 2192 constat
2182 2157 2261 2193 haec

1303 2204 1502 2247 difficultas,
1530 2205 1598 2240 dixi
1622 2207 1711 2254 infra
1734 2206 1799 2254 suh
1833 2218 1954 2240 numer.
1986 2218 2042 2253 70.
2073 2205 2108 2241 ὢ
2139 2217 2199 2252 71.
2225 2206 2261 2240 δε

1303 2254 1390 2287 adeo
1415 2253 1532 2288 nostris
1552 2253 1657 2290 Dost.
1693 2254 1758 2290 visa
1782 2254 1828 2287 est
1847 2253 1992 2288 difficilis
2030 2252 2089 2287 ista
2121 2252 2261 2295 lex‚'&

1303 2301 1390 2335 adeo
1414 2301 1446 2335 in
1474 2300 1645 2337 solutione
1667 2303 1811 2349 plurium
1844 2300 2082 2338 difficultatum
2101 2300 2133 2335 se
2153 2299 2261 2336 torse-

1304 2360 1403 2390 runt,
1427 2361 1466 2384 ut
1492 2352 1566 2394 Cyn.
1593 2353 1625 2384 in
1645 2352 1720 2385 ead.
1743 2351 1767 2384 l.
1788 2349 1852 2397 fi‘b
1877 2362 2000 2384 numer.
2030 2350 2061 2383 6.
2083 2352 2118 2384 in
2146 2361 2179 2392 4.
2204 2360 2261 2396 op·

1301 2397 1388 2444 ροβε.
1415 2411 1455 2433 ex
1480 2402 1568 2433 Petr.
1594 2399 1635 2433 de
1665 2399 1796 2445 Bellap.
1826 2397 1973 2437 reserat,
1995 2396 2091 2446 quod
2107 2395 2260 2444 Impera-

1305 2457 1360 2480 tor
1382 2445 1550 2493 quicquid
1570 2445 1690 2481 dixerit
1712 2447 1742 2481 in
1768 2445 1831 2479 illa
1852 2444 1986 2491 sumpsit
2011 2456 2080 2479 eam
2103 2458 2142 2480 ex
2166 2443 2262 2479 1.·Ιῖ-

1305 2493 1421 2539 tiurff.
1439 2494 1481 2527 de
1497 2495 1560 2528 αξὶ.
1585 2505 1680 2542 empt.
1705 2495 1737 2528 ἀ
1753 2492 1878 2540 aliqui,
1903 2504 1941 2529 ut
1962 2492 2070 2540 Steph.
2097 2493 2211 2527 ercat
2228 2495 2263 2527 in

1304 2554 1457 2588 necyoma
1482 2542 1566 2576 dial.
1591 2555 1647 2584 4¹·
1675 2541 1905 2589 desperatione
1930 2540 2051 2575 irrirari
2069 2566 2078 2581 ‚
2110 2539 2260 2575 audeant

1304 2590 1337 2623 ὃς
1366 2590 1388 2622 l.
1417 2589 1498 2624 huic
1512 2615 1521 2631 ,
1550 2590 1583 2624 δε
1599 2589 1777 2637 legissatori
1789 2588 1981 2635 obstrepere
1994 2615 2003 2631 ‚
2017 2589 2050 2623 &
2065 2591 2139 2635 Cyn.
2155 2599 2260 2636 quem

1302 2636 1417 2672 retulit
1434 2637 1566 2685 infisub
1576 2650 1606 2673 n.
1618 2651 1675 2686 70.
1687 2638 1900 2685 versiprima,
1913 2636 2032 2679 dixerit
2046 2635 2144 2685 quod
2160 2633 2263 2684 legis·

1302 2683 1390 2720 lator
1401 2686 1485 2720 male
1501 2684 1594 2721 fecit.

1351 2732 1454 2768 Ratio
1465 2733 1568 2779 hujus
1587 2732 1794 2768 difficultatis
1809 2734 1868 2775 est,
1881 2731 1963 2780 quia
1974 2760 1984 2775 ,
1999 2744 2075 2769 cum
2092 2733 2184 2780 apud
2199 2745 2259 2769 an·

1302 2780 1419 2828 tiquos
1438 2792 1525 2816 ortae
1546 2780 1652 2816 essent
1675 2793 1736 2828 pro
1764 2781 1916 2816 interesse
1940 2781 2051 2828 plures
2067 2779 2257 2817 dubitatio-

1300 2840 1370 2869 nes,
1381 2827 1468 2863 adeo
1487 2839 1525 2864 ut
1537 2827 1894 2870 viderenturinfinitae‚
1912 2828 2102 2875 Imperator
2119 2854 2129 2870 ‚
2153 2840 2256 2876 expe-

1301 2876 1373 2910 dire
1387 2876 1581 2918 existimans,
1596 2877 1629 2911 in
1643 2877 1820 2923 angustum
1836 2888 1890 2911 eas
1908 2876 1966 2911 sub
1993 2875 2087 2911 brevi
2116 2876 2256 2911 distinc-

1300 2924 1394 2958 tione
1419 2925 1623 2964 coaretavit,
1650 2935 1688 2959 ut
1716 2935 1809 2971 patet
1822 2938 1863 2960 ex
1879 2925 1913 2959 d.
1926 2925 1949 2959 l.
1966 2927 2074 2965 unica,
2090 2925 2256 2961 &notant

1301 2974 1379 3018 Cyn.
1391 2971 1423 3006 in
1436 2984 1473 3007 ea
1488 2976 1590 3015 initio,
1603 2969 1659 3007 sed
1672 2972 1874 3019 Imperatori
1895 2972 2034 3007 videtur
2058 2971 2207 3008 evenisse
2217 2971 2257 3016 il-J

1298 3019 1359 3054 lud
1377 3020 1613 3062 Horatianurn‚
1628 3020 1778 3068 obscurus
1786 3020 1841 3063 fio,
1859 3021 1938 3055 dum
1966 3020 2076 3055 brevis
2091 3019 2148 3068 effe
2163 3019 2257 3056 labo-

1300 3079 1359 3111 ro;
1385 3068 1419 3102 ὃς
1440 3067 1583 3114 proinde
1596 3079 1711 3115 parum
1725 3067 1908 3114 profecisse
1927 3067 2061 3103 videtur
2074 3093 2084 3109 ‚
2103 3068 2198 3110 dum,
2214 3077 2256 3104 ut

1299 3127 1362 3150 nos
1385 3117 1405 3150 ὲ
1424 3116 1644 3163 perplexitate
1660 3115 1863 3157 abduceret,
1879 3116 1922 3151 ad
1932 3115 2170 3151 obscuritatem
2195 3115 2255 3151 de-

1300 3163 1422 3207 duxit;
1446 3175 1552 3211 quare
1565 3165 1599 3199 &
1613 3165 1696 3200 Alc.
1714 3166 1746 3198 in
1756 3165 1833 3200 ead.
1851 3164 1877 3199 l.
1892 3163 2256 3206 initio‚intertra6t.di-

1300 3212 1386 3258 very:
1403 3223 1479 3246 tom.
1497 3222 1526 3257 5.
1533 3211 1600 3260 fol.
1612 3213 1645 3247 8.
1658 3211 1832 3259 loquendo
1857 3212 1901 3247 de
1920 3210 2078 3246 interesse
2095 3211 2254 3247 extrinse-

1300 3270 1356 3300 co,
1373 3260 1407 3294 ὃς
1421 3259 1465 3294 de
1475 3260 1702 3306 Imperatore,
1717 3259 1779 3307 qui
1796 3260 1906 3296 voluit
1935 3271 1973 3294 ea
1997 3259 2074 3306 lege
2101 3269 2254 3295 veterum

1300 3307 1534 3342 altercationes
1553 3307 1683 3349 tollere,
1697 3307 1820 3354 inquit,
1843 3319 1910 3342 rem
1924 3307 2010 3342 hanc
2028 3318 2094 3343 tam
2114 3305 2255 3342 dubiam

1299 3354 1412 3390 adhuc
1426 3354 1505 3395 esse,
1519 3365 1683 3402 quantum
1698 3366 1881 3402 nunquam.

1350 3402 1479 3437 Contra
1491 3403 1562 3438 hoc
1574 3401 1756 3438 secundum
1768 3402 1982 3450 praemissum,
1997 3400 2140 3448 ejusque
2147 3401 2248 3438 ratio-

1301 3462 1388 3492 nem,
1401 3450 1498 3496 quod
1512 3449 1597 3484 enim
1610 3449 1793 3485 obscuritas
1804 3463 1870 3485 non
1881 3451 1947 3486 stet
1964 3451 1998 3485 in
2014 3450 2138 3484 statuto
2152 3475 2162 3491 ‚
2190 3447 2248 3483 seu

1301 3497 1388 3542 lege,
1404 3499 1437 3533 ὅ(
1450 3494 1546 3546 q'uod
1560 3496 1748 3544 Imperator
1765 3497 1839 3532 satis
1853 3500 1942 3534 clare
1954 3499 2090 3533 locutus
2109 3497 2149 3531 fit
2163 3522 2173 3536 ‚
2192 3496 2251 3531 sed

1304 3545 1508 3587 obscuritas,
1532 3546 1566 3580 &
1601 3545 1836 3582 inextricabilis
1863 3545 2063 3595 perplexitas
2094 3543 2252 3626 conssstat

2096 3602 2130 3626 in
2143 3604 2164 3640 p
2191 3602 2257 3634 angv

2349 215 2351 280 l
