2400 3939
665 185 714 249 §.
758 192 841 242 ΙΙ.
889 175 1056 238 Glos.
1100 176 1220 240 VI.
1267 184 1330 248 &
1377 182 1542 244 VII.

125 268 288 305 Nosarius
309 270 580 317 poteffstipnlari
604 283 664 318 pro
685 273 753 305 alio
769 296 779 312 ,
798 269 864 317 sub
881 282 911 304 n.
933 283 980 304 rt.
996 273 1085 315 vers:

178 317 342 367 restringe.
370 320 532 363 Potestque
548 319 701 364 stipulari
712 330 770 365 pro
782 318 862 357 alio,
881 321 1018 363 etiamst
1032 320 1088 362 isle

182 365 271 398 alites
288 368 322 407 sit
341 364 498 400 inhabilis
513 361 559 400 aa'
580 368 816 415 stipularzdim1,
843 366 976 415 ideoque
992 361 1092 414 potest

175 409 336 459 stipulari
348 427 407 461 pro
427 415 551 463 psrl'oillo
565 442 573 455 ‚
597 429 628 449 n.
655 427 706 450 η.
733 418 793 448 I'ro
818 416 942 461 infante
956 441 965 456 ‚
989 429 1020 449 n.
1040 427 1093 459 13.

189 461 253 493 Pro
266 475 324 496 non
340 474 415 495 nato
430 489 440 503 ,
461 475 491 495 n.
514 475 566 505 ¹4-
592 466 654 498 Pro
672 463 823 510 absente,
846 475 877 496 n.
892 474 942 509 ³5·
970 465 1016 498 Et
1034 475 1094 510 pro

186 513 302 553 quovis
317 509 385 543 alio
402 537 410 550 ,
427 523 458 546 n.
474 512 525 544 16.

129 556 345 594 Declaratur
360 584 369 597 ,
400 558 528 605 quando
551 561 673 592 notarii
686 557 860 605 stipulatio
880 558 1021 604 fitfficiat
1045 558 1092 592 ad

183 606 401 688 giliditatem
417 606 636 653 stipulationis
648 633 658 649 ,
690 607 722 643 ὅς’
741 607 869 657 quando
883 620 963 648 non,
988 619 1019 640 n.
1037 607 1088 640 ι8.

198 670 201 675 ·
243 665 252 687 1
283 680 291 688 .
504 684 507 688 .

133 700 178 734 Et
198 714 237 735 ex
255 666 379 736 {orarii
393 701 600 750 stipulatione
618 703 802 748 acquiritur
816 703 973 749 afflofine
990 703 1088 749 ceffio-

179 761 233 789 ne,
252 764 282 785 n.
306 764 361 796 3¹·

131 797 292 833 Notarius
311 802 344 833 in
359 800 434 834 aHu
443 799 671 846 stipulationis
685 809 744 846 pro
761 799 828 832 alio
842 808 1012 846 reputatur
1014 800 1091 845 ser-

178 857 242 880 vtes
266 847 360 883 illius
374 874 383 888 ,
402 859 460 894 pro
474 847 719 896 rsitostipulatur
731 873 740 888 ,
753 846 874 893 cumfit
886 850 1020 894 persona
1030 857 1090 893 pu-

178 892 283 936 blica,
304 908 334 930 n.
348 906 399 943 17.
416 899 447 929 in
457 895 531 937 fine.

129 943 292 988 stipulari
313 947 443 992 quisque
456 946 554 992 potest
563 956 622 993 pro
638 945 719 986 alio,
737 941 820 988 idest
832 969 842 984 ,
865 946 990 977 nomine
1004 944 1087 979 alte-

178 1003 258 1031 rius,
271 1005 301 1027 n.
317 1005 372 1030 ιο.

127 1039 195 1073 Det
205 1040 338 1074 laratttr
345 1044 457 1087 primo.
475 1040 677 1089 utstipulans
686 1050 745 1087 pro
752 1038 833 1081 alio,
842 1042 995 1087 acquirat
1005 1040 1086 1076 obli.

170 1091 334 1135 gationem
348 1090 545 1131 naturalem,
562 1102 592 1123 n.
609 1102 626 1122 2
639 1102 665 1123 t.
685 1088 822 1134 &seqq-

124 1134 334 1171 Declaratur
346 1137 490 1176 secundo,
508 1149 542 1171 ut
556 1140 709 1185 acquirat
717 1134 794 1180 fibi,
820 1135 853 1171 &
867 1147 926 1169 non
944 1137 1010 1178 illi,
1021 1151 1083 1185 pro

174 1196 232 1229 qno
244 1185 301 1229 sti}
315 1186 428 1220 ulatur
442 1212 452 1226 ,
475 1198 506 1219 n.
525 1196 581 1230 25.

123 1230 329 1267 Declaratur
344 1235 436 1267 tertio
452 1260 460 1273 ,
474 1245 508 1267 ut
521 1232 771 1280 poffitstipulari
784 1245 844 1281 pro
857 1233 927 1267 allo
943 1261 953 1275 ‚
972 1238 1079 1269 conci-

167 1280 287 1326 piendo
300 1281 404 1316 verba
419 1282 614 1330 obligati-ria
631 1286 662 1315 in
675 1284 845 1328 personam
872 1282 964 1327 ipsius
979 1283 1080 1331 stipu-

170 1328 290 1370 lantis,
304 1329 437 1377 scr-ussi
453 1334 630 1376 conciperet
646 1331 679 1363 in
689 1333 860 1378 personam
875 1330 969 1364 illius
985 1357 994 1372 ,
1019 1342 1080 1378 pro

171 1378 416 1426 qttostiptdittttr
427 1403 436 1416 ,
460 1390 489 1410 n.
504 1379 559 1411 26.

121 1423 327 1460 Declaratur
341 1438 455 1474 quarto
468 1453 478 1466 ,
506 1437 542 1460 ut
555 1428 706 1473 quamvis
734 1425 888 1473 obligatio
911 1427 1076 1462 naturalis

172 1475 553 1522 acquiraturstipulanti
565 1501 575 1515 ,
591 1485 699 1508 tamen
717 1474 846 1518 effeHus
853 1478 1014 1520 pertinent
1027 1477 1075 1510 ad

167 1532 239 1554 eum
252 1549 262 1563 ‚
285 1535 344 1570 pro
362 1535 420 1567 quo
439 1523 481 1559 esl
491 1523 591 1569 fafila
611 1523 774 1569 stipulatio
788 1548 797 1562 ,
823 1534 852 1555 n.
873 1534 930 1566 27.

118 1568 259 1616 Ideoque
261 1571 438 1618 stipulator
449 1572 547 1617 potest
574 1569 628 1604 illi
646 1570 832 1604 naturalem
847 1570 1074 1619 obligationem

168 1617 284 1652 cedere
296 1646 303 1658 ,
323 1632 353 1651 n.
370 1631 424 1663 30.

114 1667 182 1700 Ima
196 1677 322 1701 tenetur
337 1669 453 1702 cra'ere
466 1696 472 1705 .
498 1666 528 1702 η.
545 1668 599 1702 28.

114 1715 190 1762 ,Qui
206 1715 260 1757 sint
281 1715 408 1761 effecius
426 1717 519 1761 hujus
533 1716 702 1751 naturalis
718 1713 946 1762 obligationis,
962 1725 994 1751 n.
1014 1729 1069 1760 29.

163 1764 198 1799 <⁴7
240 1777 272 1798 0.

115 1777 290 1858 stipuliztio
304 1813 348 1858 cst
370 1815 519 1853 inventa,
552 1823 587 1846 ut
599 1807 765 1858 'stipulans
783 1811 958 1859 acquirat,
987 1812 1072 1859 quod

151 1862 218 1906 sua
234 1860 380 1906 interest,
404 1863 487 1898 unde
512 1861 639 1895 inutilis
657 1861 701 1904 est
714 1859 910 1907 stipulatio,
928 1861 1070 1910 fistipu-

160 1908 264 1943 lamis
281 1921 340 1944 non
357 1910 474 1948 intersit
488 1936 498 1951 ‚
515 1909 579 1957 sith
594 1921 623 1942 n.
643 1921 676 1952 9.

113 1958 274 2003 stipulari
296 1957 395 2003 potest
413 1969 472 2006 pro
487 1958 598 1999 nobis,
621 1959 674 2005 qui
690 1957 791 2000 nostro
810 1958 882 1999 juri
897 1958 1066 2005 subjeflus

163 2005 225 2050 est,
240 2005 304 2054 firb
321 2018 350 2040 η.
371 2019 423 2052 17.

113 2054 283 2101 stipulatio
299 2055 491 2101 copulativa
506 2056 622 2103 prose,
634 2053 668 2091 (ἃ
685 2052 830 2096 adjeffo,
843 2052 963 2093 licet'lit
974 2053 1069 2088 nulla

159 2103 266 2149 quoad
280 2102 444 2146 adjeHum
460 2131 466 2143 ,
496 2115 603 2137 tamen
619 2112 764 2138 remanet
789 2101 934 2144 valida,
960 2104 1068 2150 quoad

146 2150 390 2200 stipulatorem,
407 2164 438 2185 n.
454 2165 506 2197 34.
521 2154 554 2190 (ᾗ
571 2161 624 2198 35.

111 2198 173 2234 Jus
190 2201 401 2244 accrescendi
414 2213 471 2233 non
486 2200 581 2236 hahet
598 2201 702 2236 locum
715 2201 749 2234 in
764 2199 992 2242 contractibus,
1001 2199 1068 2247 sed

160 2247 256 2283 habet
275 2249 378 2281 imum
392 2251 446 2292 jus
462 2261 520 2284 non
537 2247 756 2294 decrefi-endi,
777 2259 807 2280 n.
828 2257 883 2293 35.

109 2296 200 2330 Utile
214 2307 275 2344 per
289 2297 404 2330 inutile
425 2309 484 2330 non
503 2300 665 2334 vitiatur,
681 2308 712 2328 n.
733 2307 786 2340 35.

109 2345 304 2379 Procurator
322 2345 370 2381 ad
383 2345 602 2391 recipiendam
617 2345 805 2391 solutionem
817 2343 898 2391 quid
911 2343 1063 2391 poffitfa-

159 2405 252 2432 cere,
275 2405 305 2427 n.
321 2404 378 2436 49.
409 2393 453 2426 Et
480 2393 560 2440 quid
581 2402 772 2443 procurator
791 2391 840 2424 ad
855 2392 1062 2441 exigendum,

157 2453 189 2474 n.
208 2441 261 2485 58.

112 2489 280 2537 Obligatio
297 2501 356 2523 non
365 2489 464 2536 potes?
480 2489 571 2523 nohis
585 2490 725 2536 acquiri,
740 2487 798 2529 nisi
806 2499 868 2536 per
880 2492 1060 2537 personam,

162 2550 226 2585 qttae
241 2539 342 2580 nostro
355 2540 424 2580 Jnri
435 2537 637 2582 fitlvchafit,
651 2550 682 2570 n.
696 2549 748 2570 is).

112 2588 232 2635 Quare
244 2585 286 2620 ab
299 2585 360 2626 his,
375 2588 429 2632 qui
438 2586 501 2632 sub
517 2586 620 2632 nostra
626 2585 782 2634 potestate
793 2586 936 2634 nonsunt
949 2611 959 2627 ,
972 2587 1062 2621 nobis

162 2636 292 2680 aquiri
303 2646 364 2668 non
375 2634 483 2679 potest,
499 2647 528 2668 n.
551 2647 603 2681 ¹7·

111 2685 245 2719 Solvere
255 2686 384 2731 proprio
400 2682 568 2722 creditori,
577 2682 636 2717 vel
634 2684 771 2731 solvere
785 2682 884 2716 alren·
898 2681 940 2716 de
951 2683 1060 2716 credi-

158 2734 239 2767 toris
250 2732 430 2769 voluntate,
447 2735 546 2777 paria
549 2732 639 2777 fiant,
654 2744 685 2766 n.
702 2743 755 2778 37.

109 2781 351 2818 Mundam-:rius
368 2778 524 2814 debitoris
533 2783 726 2830 non-cogitur
739 2790 912 2826 acceptare
926 2778 1057 2813 litteras

155 2828 379 2868 mandatoris,
397 2839 427 2861 n.
443 2841 474 2874 5.

199 2924 310 2959 Uaero
341 2923 370 2957 Ι.
406 2935 445 2957 an
480 2923 603 2958 litterae
629 2922 750 2958 cambii
782 2923 843 2959 fint
874 2917 1057 2958 necessario

201 2971 371 3008 solvendae
396 2970 522 3018 ipsimet
545 2971 725 3009 creditori,
756 2972 818 3018 qui
841 2970 938 3005 dedit
967 2982 1055 3004 cam-

102 3023 180 3063 bio,
207 3031 309 3067 prout
333 3017 508 3054 solvendas
537 3019 603 3054 ess'e
631 3019 863 3064 cortic-{tutare
886 3018 961 3065 quis
978 3018 1054 3064 pos-

100 3070 148 3106 set
176 3082 215 3105 ex
234 3067 379 3103 formula
399 3067 529 3102 istarum
549 3068 752 3108 litterarum,
778 3067 858 3102 dum
884 3066 1050 3108 mandant,

99 3118 186 3154 solvi
218 3116 398 3151 Francisco
417 3143 426 3157 ,
466 3128 567 3163 quem
593 3115 799 3150 creditorem
832 3114 898 3150 este
927 3114 1052 3150 littera-

98 3179 171 3202 rum
196 3164 314 3202 cambii
341 3175 433 3211 patet
466 3177 525 3211 per
550 3165 602 3198 illa
632 3164 730 3197 verba
764 3163 960 3212 sequentia,
993 3173 1053 3210 per

98 3216 134 3251 la
161 3215 282 3249 valma
303 3213 342 3247 di
362 3216 502 3246 comanti
524 3212 567 3246 da
593 3211 663 3252 lui,
696 3223 837 3258 quarum
867 3211 1052 3246 litterarum

96 3263 274 3298 formulam
297 3260 400 3295 habes
430 3260 591 3307 integram
613 3263 713 3310 supra
737 3260 794 3295 boc
815 3259 925 3294 eodem
950 3261 982 3306 5.
997 3258 1048 3308 gl.

99 3325 129 3348 ι.
150 3314 252 3345 initio.

123 3357 376 3405 ⁴Respmdeo,
403 3354 502 3406 quod
525 3367 619 3396 non,
650 3354 706 3390 sed
730 3367 829 3390 erunt
853 3354 1050 3396 solvendae.

97 3407 153 3442 vel
178 3407 237 3453 ipfi
253 3433 264 3447 ,
291 3407 345 3440 vel
370 3405 421 3447 ei,
451 3403 508 3439 cui
531 3403 704 3442 creditor,
734 3404 767 3439 &
789 3404 925 3438 debitor
952 3403 983 3437 in
998 3403 1052 3438 lit-

98 3456 178 3490 teris
203 3451 514 3489 concordaverint:
543 3462 649 3499 quare
676 3451 698 3485 fi
724 3452 848 3486 litterae
877 3451 1052 3486 solvendae

99 3503 159 3538 sint
174 3503 238 3537 *fibi
261 3501 343 3549 ipfi,
376 3501 477 3549 ipsius
500 3512 622 3535 nomen
649 3499 711 3535 erit
734 3498 931 3546 ponendum
951 3499 982 3533 in
998 3499 1050 3534 lit-

99 3551 179 3585 teris
196 3577 206 3591 ,
242 3551 286 3584 fin
315 3549 447 3590 minus,
479 3548 672 3596 ponendum
699 3550 761 3582 erit
791 3560 911 3583 nomen
935 3547 1048 3588 illius,

100 3600 157 3634 cui
176 3597 261 3632 solvi
281 3596 406 3634 debent
423 3626 432 3640 ,
465 3608 506 3632 ut
532 3596 630 3647 latius
652 3596 784 3632 adverti
803 3599 836 3643 5.
849 3597 990 3644 praeced.
1016 3608 1046 3642 q.

63 3715 82 3740 ⁸
101 3646 284 3740 ςέζιςεετῗ
296 3647 460 3734 7si⁰qundo
479 3722 487 3733 ,
523 3706 563 3727 an
586 3692 720 3729 debitor
756 3692 942 3727 litterarum
966 3703 1053 3727 cam·

1992 211 2097 264 399

1138 273 1197 314 bii,
1227 274 1281 311 seu
1295 279 1372 324 ejtts
1383 284 1593 320 procurator
1608 273 1733 308 debeat
1750 273 1879 310 solvere
1893 276 2029 325 adJeClo
2051 279 2104 312 so-

1142 321 1264 357 lutioni
1291 325 1479 359 litterarum
1501 323 1628 369 absque
1648 335 1710 363 eo,
1739 322 1836 367 quod
1860 325 2016 370 adjectus
2037 326 2102 361 do-

1145 381 1221 404 ceat
1244 370 1287 405 de
1307 372 1467 406 mandato
1488 368 1622 418 speciali
1647 371 1689 404 ad
1708 370 1932 416 exigendum?

1194 418 1401 466 Respondeo
1420 445 1430 460 ,
1461 419 1558 466 quod
1588 418 1699 465 potest
1723 418 1751 451 ei
1779 417 1906 452 saltere
1929 446 1938 460 ,
1977 422 2010 456 ὃς
2036 422 2101 457 s01-

1146 466 1262 501 vendo
1279 494 1288 508 ,
1318 468 1406 501 reete
1423 465 1524 503 solvit
1539 492 1550 507 ,
1585 478 1624 501 ut
1651 465 1720 500 dixi
1746 467 1834 512 infra
1852 479 1937 500 num,
1953 471 2004 512 36.
2022 482 2099 503 ver-

1133 513 1192 559 fic.
1210 515 1400 562 secundus,
1427 514 1484 549 sed
1508 513 1737 560 judicialiter,
1770 513 1949 549 &invitus
1974 517 2014 549 ab
2041 517 2099 552 ad-

1142 561 1233 607 J'et‘lo
1259 563 1326 597 fine
1347 563 1525 598 sufficienti
1541 589 1551 604 ,
1588 563 1622 596 δε
1647 560 1780 608 speciali
1805 562 1962 598 mandato
1990 564 2032 598 ad
2060 566 2098 598 li-

1143 620 1211 650 tes,
1238 611 1319 657 cogi
1337 623 1403 645 non
1427 611 1539 657 potest
1557 637 1566 653 ,
1581 621 1642 657 per
1664 621 1725 652 ea,
1757 621 1839 657 quae
1864 610 1933 644 dixi
1960 613 2049 657 infra
2063 626 2096 648 n.

1144 669 1199 702 39.
1219 659 1331 704 verfic.
1345 661 1473 694 tertius.

1190 706 1257 741 Pro
1278 706 1428 741 absoluta
1453 716 1562 740 tamen
1596 705 1700 754 hujtis
1724 706 1945 753 responfionis
1971 707 2096 743 intelli-
2143 742 2146 744 .

1137 753 1254 799 gentia
1282 781 1292 795 ,
1327 757 1362 789 dt
1394 766 1456 800 pro
1491 752 1671 788 multarum
1704 754 1941 790 difficultatum
1971 783 1980 798 ,
2013 767 2096 804 quae

1138 803 1228 836 circa
1254 803 1341 837 hanc
1383 801 1626 849 responsionem
1654 801 1787 848 pollent
1823 804 1927 844 oriri,
1967 804 2095 839 resolu-

1137 849 1231 884 tione
1249 878 1259 892 ‚
1298 850 1473 897 distinguo
1497 849 1532 884 in
1560 850 1679 895 primas
1704 850 1788 885 duas
1812 851 1995 887 litterarum
2023 853 2094 887 ior-

1135 898 1253 933 mulas,

1194 946 1305 982 Prima
1332 947 1477 983 formula
1507 946 1578 988 est,
1611 935 1751 992 quando
1788 945 1933 981 scribens
1963 948 2121 993 litteras3

1135 995 1279 1037 cambii,
1310 1008 1379 1030 non
1405 995 1590 1031 committit
1613 993 1671 1028 fibi
1694 993 1777 1040 ipfi,
1807 1004 1846 1030 ut
1877 1007 1931 1030 eas
1957 995 2087 1038 solvat,

1133 1041 1191 1077 sed
1220 1044 1405 1079 committit
1433 1044 1556 1084 alteri,
1587 1051 1628 1076 ut
1651 1042 1684 1076 in
1712 1053 1833 1077 tenore
1867 1043 2050 1080 litterarum
2076 1071 2087 1086 ,

1133 1102 1219 1138 quas
1247 1092 1429 1138 gloffamus
1454 1095 1489 1127 in
1517 1092 1576 1128 hoc
1593 1090 1738 1137 secundo
1767 1091 1798 1137 ξ.
1833 1091 1866 1126 &
1889 1091 2016 1128 solutio
2041 1092 2088 1129 est

1127 1138 1284 1175 iacienda
1312 1152 1382 1175 non
1407 1138 1613 1180 Francisco,
1643 1138 1704 1186 qui
1736 1138 1832 1174 dedit
1865 1140 1997 1176 cambio
2023 1151 2085 1187 pe-

1129 1189 1267 1230 cunias,
1294 1188 1351 1223 sed
1377 1187 1423 1222 est
1455 1186 1609 1223 facienda
1637 1185 1743 1228 Seio,
1777 1186 1839 1233 qui
1865 1187 1992 1225 dicitur
2026 1187 2086 1224 ad·
2121 1220 2142 1235 -.

1127 1236 1258 1282 jectus,
1291 1238 1324 1272 &
1353 1236 1460 1271 veluti
1482 1234 1705 1272 mandatarius
1737 1234 1798 1282 ipfi
1825 1234 2011 1280 Francisoi,
2041 1247 2081 1276 tlt

1128 1284 1195 1318 dixi
1221 1287 1253 1331 5.
1280 1283 1419 1334 praeced.
1449 1285 1551 1332 quast.
1577 1295 1608 1328 5·
1636 1295 1723 1318 num.
1750 1292 1806 1330 75.
1840 1282 1988 1332 haecque
2013 1284 2082 1319 for-

1128 1332 1215 1366 mula
1244 1333 1381 1379 proprie
1416 1331 1578 1369 convenit
1616 1330 1749 1366 cambio
1771 1357 1780 1372 ,
1818 1330 1852 1365 &
1876 1331 1923 1365 est
1955 1333 1988 1368 in
2012 1332 2079 1367 fre-

1127 1391 1247 1428 quenti
1274 1381 1352 1417 usu:
1392 1381 1425 1415 &
1450 1381 1482 1416 in
1507 1380 1570 1414 hac
1591 1378 1736 1414 formula
1758 1378 1907 1415 adhibeo
1928 1391 2080 1428 quatuor

1125 1427 1357 1475 inspeetiones.
1395 1428 1506 1464 Prima
1529 1426 1692 1475 inspefflo
1715 1427 1783 1470 est,
1805 1437 1845 1462 an
1865 1438 2081 1474 procurator,

1122 1477 1178 1511 seu
1207 1477 1435 1522 mandatarius
1464 1476 1626 1513 debitoris
1644 1501 1653 1516 ,
1682 1472 1845 1510 solvendo
1861 1475 1942 1510 Seio
1961 1476 2080 1523 adjec-

1124 1534 1162 1560 to
1183 1552 1192 1567 ,
1226 1526 1314 1560 reete
1346 1525 1454 1562 solvat
1487 1523 1606 1573 quoad
1636 1522 1857 1570 obligandum
1889 1522 2079 1564 debitorem

1123 1574 1332 1609 mandantem
1348 1602 1357 1617 ‚
1390 1575 1423 1608 ὃς
1437 1574 1468 1618 in
1485 1572 1548 1607 hac
1564 1570 1769 1619 inspeetione
1790 1571 1878 1606 nulla
1903 1572 1994 1608 cadit
2013 1568 2077 1607 du-

1123 1622 1243 1658 bitatio
1263 1649 1272 1663 ,
1303 1623 1401 1671 qnod
1428 1621 1516 1656 refte
1537 1619 1646 1656 solvat
1664 1644 1676 1659 ,
1705 1619 1786 1668 quia
1813 1618 1921 1656 saevat
1943 1620 2079 1656 manda·

1121 1680 1191 1704 turn
1208 1698 1217 1712 ‚
1253 1672 1285 1705 δε
1315 1671 1563 1718 consequenter
1588 1666 1746 1703 mandans
1775 1668 1947 1716 obligatur
1970 1669 2000 1703 ei
2020 1677 2078 1704 ac-

1120 1718 1213 1753 tione
1235 1720 1404 1761 mandati,
1436 1719 1503 1752 five
1519 1716 1575 1752 hic
1601 1714 1776 1760 adjectus,
1802 1726 1860 1751 cut
1872 1711 1995 1758 solvit,
2019 1716 2077 1752 ha·

1118 1767 1196 1801 beat
1224 1769 1416 1802 mandatum
1438 1766 1483 1802 ad
1505 1763 1736 1813 exigendum,
1767 1763 1834 1799 five
1859 1771 1941 1801 non.
1975 1765 2110 1812 †Se-4

1117 1815 1228 1849 cunda
1254 1815 1416 1863 inspectio
1441 1815 1486 1849 est
1503 1840 1512 1855 ,
1548 1826 1588 1848 an
1616 1812 1703 1847 reete
1732 1811 1865 1854 solvat,
1894 1813 2012 1861 quoad
2034 1813 2075 1847 l-i-

1118 1863 1302 1897 herandum
1327 1862 1432 1910 ipsum
1463 1862 1651 1897 debitorem
1679 1859 1889 1897 mandantem
1914 1862 1957 1897 ab
1987 1860 2075 1897 obli-

1114 1911 1273 1956 gatione,
1307 1914 1339 1947 &
1365 1911 1506 1952 debito,
1534 1921 1608 1959 quo
1626 1909 1803 1944 tenebatur
1827 1908 2010 1952 creditori,
2038 1912 2074 1947 dc

1117 1959 1263 1993 fimrliter
1295 1961 1403 2001 dico,
1441 1959 1540 2007 quod
1571 1957 1660 1994 reete
1692 1955 1819 1998 solvit,
1850 1968 1891 1994 ex
1915 1969 1989 2006 quo
2014 1958 2074 1994 ad-

1115 2008 1205 2054 jesto
1234 2008 1322 2043 reete
1348 2007 1513 2047 solvitur,
1550 2017 1590 2042 ut
1618 2004 1755 2042 secutus
1781 2003 1850 2040 sum
1874 2008 1964 2054 infra
1983 2019 2068 2041 num.

1119 2059 1171 2100 36.
1205 2058 1231 2101 †
1255 2055 1548 2103 Tertia-inspeetio
1563 2054 1632 2095 est,
1669 2052 1825 2100 nunquid
1842 2052 2041 2089 Franciscus
2057 2080 2068 2095 ,
2082 2063 2100 2099 ς

1116 2104 1175 2150 qui
1199 2105 1245 2139 est
1273 2105 1446 2145 creditor,
1473 2103 1529 2139 seu
1555 2103 1629 2150 ejus
1654 2100 1878 2136 mandatarius
1896 2128 1906 2143 ,
1940 2102 1999 2151 qui
2023 2102 2071 2136 est

1115 2153 1239 2195 Seius,
1270 2154 1304 2188 ὃς
1331 2152 1391 2200 qui
1420 2151 1546 2188 dicitur
1575 2149 1725 2197 adjectus
1756 2148 1937 2191 solutioni,
1973 2149 2072 2197 poffit

1114 2211 1215 2246 agere
1241 2212 1360 2236 contra
1388 2199 1632 2235 mandatarium
1659 2197 1823 2233 debitoris
1843 2223 1853 2239 ,
1885 2208 1924 2233 ut
1948 2209 2070 2245 accep-

1115 2258 1185 2290 tet,
1215 2252 1247 2284 &
1280 2249 1388 2285 solvat
1411 2250 1559 2288 litteras,
1584 2249 1618 2282 ὃς
1647 2245 1821 2281 concludo
1835 2245 1902 2280 fine
1920 2245 2073 2286 ulloinj-

1115 2296 1166 2330 tio
1189 2295 1387 2338 dubftandss
1413 2296 1511 2345 quod
1536 2308 1603 2331 non
1618 2321 1628 2335 ‚
1659 2293 1740 2342 quia
1762 2290 1987 2331 mandatarius
2008 2293 2070 2329 de-

1114 2345 1232 2380 bitoris
1260 2358 1326 2380 non
1354 2346 1399 2381 est
1420 2345 1537 2391 aliquo
1561 2342 1666 2378 modo
1685 2341 1876 2388 obligatus,
1904 2343 1937 2377 &
1961 2342 2042 2378 ideo
2057 2369 2068 2386 ,

1114 2404 1154 2427 an
1182 2394 1285 2435 velit,
1317 2396 1370 2429 vel
1391 2393 1478 2428 nolit
1502 2391 1632 2427 solvere
1647 2417 1657 2432 ,
1683 2390 1813 2436 pendet
1834 2390 1854 2425 a
1881 2402 1969 2424 mera
1989 2391 2067 2438 ejus

1113 2441 1302 2477 voluntate.
1340 2445 1366 2489 †
1389 2442 1526 2485 Quarta
1554 2439 1713 2486 inspefflo
1742 2438 1789 2473 est
1807 2465 1817 2480 ,
1850 2449 1890 2473 an
1910 2438 2098 2487 adjeelus6

1111 2488 1272 2525 solutioni
1297 2517 1306 2532 ‚
1341 2489 1547 2525 mandatario
1581 2486 1748 2523 debitoris
1776 2486 1806 2521 e-i
1842 2499 1910 2522 non
1931 2485 2064 2523 solven-

1110 2546 1162 2578 te,
1196 2539 1295 2585 poffit
1326 2537 1501 2586 protestari
1537 2536 1665 2572 litteras
1692 2544 1811 2570 contra
1836 2534 2026 2570 debitorem
2051 2562 2064 2578 ,

1111 2586 1264 2632 quamvis
1308 2599 1376 2622 non
1420 2587 1541 2620 habeat
1588 2584 1783 2619 mandatum
1833 2582 1977 2630 speciale
2020 2583 2064 2619 ad

1111 2633 1314 2680 exigendum
1345 2647 1423 2670 cum
1465 2631 1609 2668 clausula
1645 2630 1696 2669 ad
1727 2631 1803 2667 lites
1829 2657 1840 2673 ,
1878 2633 1912 2667 ὃς
1939 2632 1973 2666 in
1999 2631 2064 2666 hac

1108 2681 1312 2728 inspeftione
1356 2682 1531 2718 concludo
1555 2710 1564 2724 ,
1615 2679 1712 2729 quod
1760 2679 1911 2727 adje&us
1952 2680 2063 2726 potest

1105 2730 1283 2776 protestari
1310 2757 1321 2772 ,
1375 2743 1416 2768 ut
1465 2729 1630 2778 explicavi
1684 2729 1773 2777 infra
1820 2739 1950 2767 numero
2001 2729 2060 2771 48.

1105 2779 1140 2814 &
1171 2788 1223 2822 5²·

1155 2825 1225 2861 Sed
1250 2827 1305 2863 ubi
1327 2826 1451 2861 litterae
1487 2824 1647 2860 redierint
1672 2823 1868 2871 protestatae
1895 2822 1938 2858 ad
1962 2823 2059 2859 Civi—

1107 2885 1230 2916 tatem,
1260 2876 1292 2909 in
1310 2887 1377 2923 qua
1407 2873 1474 2908 fuit
1500 2872 1709 2908 contraflum
1741 2871 1933 2914 cambium,
1973 2883 2058 2906 nurt-

1104 2921 1190 2971 quid
1215 2922 1367 2970 adjestus
1395 2921 1552 2963 solutioni
1575 2920 1673 2968 poffit
1689 2920 1736 2955 ibi
1756 2919 1939 2955 convenire
1961 2919 2057 2955 debi-

1102 2982 1210 3006 torem
1231 2973 1272 3006 ad
1292 2970 1513 3012 solvendum,
1537 2970 1618 3004 vide
1633 2971 1724 3017 infra
1741 2981 1772 3003 n.
1788 2969 1844 3017 67.
1867 2968 2007 3018 &seqq.
2022 2980 2056 3006 n.

1101 3019 1314 3076 74·,&s2tq-
1471 3050 1484 3053 v
1518 3065 1525 3071 .

1148 3067 1307 3102 Secunda
1333 3066 1480 3102 formula
1506 3066 1688 3100 litterarum
1720 3064 1766 3098 est
1788 3090 1797 3105 ‚
1831 3065 1971 3113 quando
1996 3065 2089 3110 de-7

1102 3115 1195 3151 bitor
1227 3115 1344 3150 cambii
1376 3114 1490 3149 scribit
1515 3114 1641 3148 litteras
1669 3112 1820 3154 fibimet,
1851 3124 1890 3148 ut
1915 3126 1968 3149 eas
1987 3111 2053 3148 sol-

1101 3173 1178 3205 vat,
1211 3176 1289 3199 curn
1318 3162 1398 3197 velit
1427 3163 1495 3210 ipse
1520 3161 1685 3196 accedere
1715 3160 1758 3194 ad
1783 3161 1947 3197 nundinas
1967 3187 1977 3203 ,
2011 3171 2052 3197 ut

1099 3211 1167 3246 dixi
1188 3213 1220 3258 5.
1246 3210 1383 3256 praeced.
1407 3222 1436 3258 q.
1455 3222 1486 3258 5.
1503 3210 1568 3258 sub
1593 3223 1679 3244 num.
1707 3219 1763 3257 75.
1785 3211 1820 3248 &³
1842 3212 1932 3258 infra
1954 3211 1987 3257 §.
2017 3211 2054 3248 6.

1092 3261 1144 3310 gl.
1163 3273 1190 3294 t.
1214 3261 1271 3300 sub
1291 3272 1322 3293 rt.
1351 3271 1382 3292 2.
1973 3281 1976 3286 ·

1142 3307 1188 3343 Et
1209 3307 1288 3342 licet
1302 3307 1358 3340 ista
1372 3303 1516 3341 formula
1533 3305 1690 3341 videatur
1707 3305 1899 3340 exorbitans
1916 3305 2048 3342 anatu-

1097 3368 1132 3391 ra
1149 3355 1296 3391 omniurn
1320 3355 1504 3390 litterarum
1520 3381 1531 3396 ,
1556 3354 1682 3389 &ideo
1707 3353 1803 3387 etiarn
1821 3353 1839 3388 a
1861 3365 1978 3389 natura
1993 3353 2050 3390 lit-

1098 3415 1239 3440 terarum
1258 3402 1400 3442 cambii,
1429 3401 1591 3450 liquidem
1616 3402 1740 3437 litterae
1765 3399 1837 3436 sunt
1865 3399 2050 3438 scribenda:

1097 3452 1191 3488 alteri
1210 3450 1362 3498 personae
1375 3476 1385 3491 ‚
1413 3461 1514 3502 quarn
1531 3449 1587 3484 fibi
1600 3448 1658 3496 ipfi
1671 3476 1681 3490 ,
1703 3449 1783 3496 quia
1800 3447 1939 3484 scribere
1959 3450 2000 3484 ad
2017 3450 2050 3485 se

1099 3500 1204 3547 ipsum
1230 3498 1364 3533 videtur
1377 3498 1460 3545 quid
1479 3497 1614 3532 stultum
1627 3524 1636 3536 ,
1661 3507 1720 3543 per
1742 3509 1778 3531 ea
1794 3523 1805 3539 ,
1821 3509 1904 3545 quae
1921 3498 1989 3533 dixi
2010 3498 2046 3536 d.

1093 3550 1164 3598 glo,
1187 3547 1325 3592 r.fi1hn.
1343 3559 1374 3580 2.
1401 3557 1507 3580 tamen
1523 3546 1640 3580 demus
1661 3546 1747 3579 hanc
1763 3543 1949 3588 formulam,
1969 3546 2049 3593 quia

1095 3611 1128 3631 in
1159 3594 1280 3630 effet‘lu
1309 3605 1346 3628 ea
1375 3605 1519 3628 utuntur
1552 3593 1784 3640 negotiatores
1809 3593 2015 3629 cambiorum
2037 3619 2049 3634 ,

1096 3644 1162 3685 sed,
1183 3654 1220 3678 ut
1237 3641 1365 3676 evitent
1385 3641 1641 3676 exorbitantiam
1657 3668 1666 3682 ,
1690 3640 1823 3687 fingunt
1838 3641 1922 3674 duas
1938 3639 2049 3686 perso-

1096 3705 1153 3727 nas
1176 3689 1324 3737 ejusdem
1339 3689 1501 3730 nominis,
1532 3701 1571 3725 ut
1585 3689 1704 3770 dixiLdl,
1716 3690 1746 3733 5.
1766 3690 1795 3723 6.
1808 3688 1935 3739 glofflt.
1947 3700 1978 3722 n.
1993 3689 2049 3772 ΒΞ.

1738 3747 1756 3768 2
2029 3743 2049 3759 ,υ
