2400 3939
15 209 17 218 .

14 295 16 323 l
51 305 68 330 ι

63 343 72 353 t

38 1457 54 1464 κ

866 199 917 266 §.
957 198 1075 255 VII.
1117 193 1424 258 Glossssvt

216 278 329 319 ὕετο
347 281 458 330 ptimo
471 308 480 325 ,
510 294 577 332 qua
601 296 642 320 ex
663 281 838 321 causahoc
855 284 1030 323 statutum,

239 330 469 366 modificando
495 333 746 379 praecedentem
765 330 1030 378 dispositionem,

104 389 182 414 eum
197 403 206 419 ,
233 378 294 426 qui
313 390 352 413 ex
371 380 472 413 caula
497 381 618 416 cambii
643 390 773 427 peteret
791 381 1031 415 executionem

103 435 225 462 contra
250 436 458 468 curatorem,
485 428 538 462 vel
554 439 707 474 peteret,
735 427 827 473 lapsis
844 425 899 461 seit
919 426 1036 460 menfi-

104 475 169 509 bus
181 499 191 514 ‚
219 475 324 509 arctet
344 476 386 509 ad
401 475 624 521 praestandum
641 475 887 523 fidejussionem
903 472 948 509 de
971 484 1022 508 re-

104 520 291 561 stituendo,
306 523 373 558 dcc.

153 568 370 615 Respondm
401 572 481 619 quia
499 572 557 608 ubi
572 574 679 621 maJus
698 571 743 606 est
767 569 966 618 periculum,
983 568 1028 603 ibi

103 616 241 652 cautius
258 617 303 651 ess
319 620 488 665 agendum
501 647 511 662 ,
538 630 576 656 ut
591 619 701 667 scripsi
716 622 790 667 sup.
802 622 869 666 §.i.
890 618 1028 666 quaest.1.

105 677 192 699 num.
210 678 240 701 t.
257 667 290 701 δι
315 671 422 715 major
446 670 623 704 calumniae
643 669 787 714 suspicio
815 678 914 713 urget
928 667 962 699 in
978 665 1028 699 liis

104 711 244 748 duobus
261 714 408 750 casibus:
435 715 466 749 iri
487 718 595 763 primo
608 743 616 757 ‚
642 718 723 763 quia
747 715 844 750 facile
862 715 908 748 est
925 712 1028 747 insur-

104 771 187 807 gere
205 772 323 798 contra
339 774 510 799 mortuum
522 791 531 805 ,
558 765 592 798 in
615 764 777 803 secundo,
803 763 883 811 quia
900 774 968 797 non
982 760 1029 794 est

105 810 290 850 verisimile,
317 811 415 856 quod
433 823 547 847 tenens
564 811 634 847 suas
652 813 814 860 pecunias
829 815 862 846 in
876 810 1027 851 cambiis;

107 856 150 890 fit
175 858 350 904 negligens
378 871 436 904 pei·
465 860 518 894 seit
546 860 669 895 menses
694 861 736 894 ad
764 871 819 894 eas
841 858 1029 906 petendas:

106 906 228 940 merito
250 915 403 952 utroque
421 907 498 942 casu
525 921 653 944 novum
677 907 899 956 fidejuffionis
923 916 1029 939 reme-

106 952 200 987 dium
212 953 230 987 ὲ
249 953 378 989 statuto
391 955 437 989 est
455 955 642 991 adhibitum
657 970 670 1000 ·,
695 957 777 992 solet
792 956 878 990 enim
895 952 1029 998 fidejus-

106 1000 166 1042 sl0,
180 1002 286 1037 veluti
303 1004 430 1048 optima
444 1003 559 1051 legalis
573 1004 930 1046 medicinassalumniae
943 1011 1029 1036 mor·

105 1049 154 1083 bo
173 1049 263 1096 saepe
278 1051 427 1085 obviare.

155 1098 291 1142 Quaero
303 1097 453 1134 secundo
467 1103 485 1147 (
503 1100 544 1134 ad
558 1099 840 1146 intelligentiam)
858 1099 891 1133 &
906 1098 1029 1145 praxim

105 1144 211 1195 hujus
224 1146 337 1181 statuti
353 1149 492 1194 quando
509 1149 551 1182 ad
569 1148 752 1183 instantiam
775 1146 955 1182 creditoris
969 1146 1029 1180 de·

104 1195 260 1229 veniatur
273 1194 314 1228 ad
327 1195 499 1229 dationem
510 1198 678 1230 curatoris
690 1195 878 1231 haereditati
892 1193 1028 1242 jacenti.

153 1242 376 1286 Respondeo.
430 1244 586 1286 Quando
602 1244 734 1279 constat
745 1245 789 1277 de
801 1253 911 1278 morte
926 1243 1025 1283 illius,

103 1290 205 1337 cujus
225 1291 416 1325 liaereditati
436 1302 563 1336 petitur
581 1291 650 1326 dari
671 1303 859 1326 curatorem
875 1317 886 1331 ,
913 1293 946 1325 &
962 1302 1031 1325 non

105 1339 255 1378 conflat.
282 1339 380 1384 quod
399 1340 519 1374 habeat
539 1339 583 1374 de
610 1340 763 1386 praesenti
781 1338 1000 1376 lucceilorem
1017 1365 1026 1376 .

105 1385 163 1420 sed
187 1386 335 1434 speratur
359 1387 402 1421 de
424 1388 598 1432 proximo,
631 1389 712 1436 qnia
732 1399 814 1423 tunc
834 1387 963 1421 Praetor
987 1386 1029 1420 ad

106 1434 291 1471 instantiam
308 1436 517 1470 creditorum
540 1436 640 1471 mittit
658 1437 802 1470 edietum
818 1461 827 1475 ‚
856 1447 1031 1481 tempusq,

105 1481 265 1529 praefinit,
295 1485 380 1518 intra
399 1484 496 1530 quod
523 1483 702 1518 haereditas
722 1484 880 1521 adeatur,
914 1483 1032 1528 1.i3.fi

106 1534 180 1577 quis
197 1533 395 1573 instituatur,
417 1532 457 1576 ff.
470 1533 511 1564 de
529 1532 643 1566 haered.
661 1532 1030 1580 iristit.Ang.c0nfi.=93.

105 1580 325 1627 mortuo,sub
344 1593 428 1614 iiiam.
448 1591 478 1623 3.
494 1580 539 1613 t'ln'
552 1606 560 1619 ‚
586 1581 682 1626 restat
703 1583 803 1627 igitur
826 1581 943 1612 videre
959 1606 966 1616 ,
997 1580 1030 1614 (9³

106 1628 254 1664 Stracch.
272 1629 415 1662 rrafhde
431 1628 658 1675 det-oifior.p.7.
673 1632 777 1662 nu.16.
791 1632 903 1660 tomo.
918 1639 1032 1673 pani.

105 1675 187 1721 fol.3
200 1689 250 1720 ¹4⁸,
269 1678 301 1711 δε
319 1675 376 1710 ubi
393 1675 476 1709 intra
495 1676 579 1710 illud
597 1689 728 1720 tempus
758 1675 937 1709 iiaerediias
965 1687 1032 1708 non

108 1723 269 1764 adeatur,
299 1735 381 1758 tunc
396 1723 546 1763 adeatur,
577 1736 657 1758 tunc
672 1724 741 1758 dari
765 1725 867 1757 debet
884 1734 1032 1757 curator.

160 1770 276 1814 Secus,
289 1771 499 1806 fidesunChis
519 1773 643 1807 nullum
668 1773 784 1805 habeat
802 1770 1032 1810 successorem,

107 1831 222 1866 neque
236 1819 394 1866 speretur,
422 1831 500 1866 quia
524 1831 606 1855 tunc
622 1821 694 1867 ejus
712 1823 800 1854 bona
826 1818 896 1854 sunt
915 1829 1031 1853 vatan-

109 1869 168 1909 tia,
195 1870 320 1914 quibus
347 1880 412 1901 non
430 1869 530 1900 datur
545 1879 692 1908 curator,
720 1879 798 1901 cum
814 1880 882 1901 non
899 1860 1036 1900 dicatur'

111 1915 293 1950 haereditas
313 1919 448 1964 jacens,
477 1915 531 1950 sed
555 1916 685 1951 illorum
714 1918 879 1950 bonorum
896 1914 1034 1948 admini-

112 1964 227 1999 stratio
246 1964 423 2011 pertinebit
441 1965 482 1998 ad
497 1976 753 2010 procuratorem
772 1963 839 1997 filei
857 1989 866 2004 ,
894 1967 981 2010 Ang.
1001 1963 1035 1995 &

63 2035 66 2039 -
115 2013 221 2046 Strati
230 2012 260 2046 h.
277 2013 331 2047 ubi
341 2014 458 2058 supra.

163 2060 303 2095 Dicitur
321 2071 446 2099 autem,
475 2072 541 2095 non
561 2059 677 2106 sperari
695 2059 925 2099 snccessorem‚
943 2059 1036 2092 ideo-

112 2119 182 2157 que
196 2110 281 2143 bona
300 2107 365 2142 effe
387 2109 555 2145 vacantia,
582 2109 724 2155 qnando
741 2109 815 2143 sunt
841 2108 1035 2143 nominatim

112 2157 260 2204 requisiti
283 2157 339 2196 hi,
369 2156 496 2202 quibus
527 2169 674 2203 proxima
707 2156 802 2192 causa
824 2155 1037 2190 succeffionis

112 2206 307 2250 contingit,
344 2205 376 2238 &
400 2205 447 2238 eis
472 2205 614 2240 statutus
638 2207 684 2237 eli
710 2206 870 2239 terminus
893 2217 960 2239 non
980 2204 1033 2236 mi-

111 2264 176 2288 nor
194 2265 332 2288 centuni
347 2253 477 2286 dierum
494 2252 696 2294 adeundam,
726 2253 779 2286 vel
795 2251 1036 2297 repudiandam

110 2301 344 2336 haereditatem
368 2326 375 2337 ‚
405 2298 566 2336 &nullus
586 2312 771 2347 compatet,
801 2303 897 2336 Bari.
911 2303 943 2334 in
959 2300 982 2333 1.
1004 2309 1031 2344 5.

103 2351 136 2397 fi
149 2350 243 2384 hona.
262 2363 292 2384 n.
306 2363 337 2383 2..
353 2351 384 2382 C.
399 2350 440 2382 de
454 2349 727 2392 bon.aueh.judic
735 2349 842 2395 poffid.

165 2397 324 2432 Adverte
339 2424 347 2437 ,
374 2398 471 2443 quod
486 2423 494 2435 ,
524 2398 692 2445 quicquid
713 2399 780 2431 dici
799 2395 896 2444 poffit
916 2395 959 2429 de
980 2395 1035 2441 ju-

64 2448 76 2478 ἑ
113 2459 167 2487 re,
212 2447 243 2480 in
269 2445 360 2492 praxi
384 2445 450 2479 iiiie
480 2444 617 2491 pra-fata
647 2456 778 2480 termini
811 2443 1036 2491 praefixione,

73 3680 91 3716 5

111 2495 242 2529 servato
269 2494 340 2529 solo
361 2493 481 2528 ordine
495 2520 504 2533 ‚
531 2494 572 2527 de
588 2506 646 2540 quo
661 2494 723 2537 jul.
738 2497 866 2527 num.6.
887 2493 921 2528 <fs
951 2493 1036 2538 seqq.

111 2545 213 2578 datur
241 2541 430 2577 indistincte,
455 2552 591 2576 curator
611 2541 652 2575 ad
675 2541 858 2575 instantiam
888 2539 1038 2574 credito-

111 2592 177 2633 ris,
205 2587 388 2630 docentis,
419 2589 471 2624 vel
503 2590 645 2636 jurantis
668 2590 711 2622 de
743 2589 802 2623 suo
823 2587 975 2624 intereffe
1004 2588 1037 2621 &

111 2639 291 2685 fingentis,
333 2639 365 2672 se
403 2637 557 2684 ignorare
571 2664 579 2677 ,
620 2637 717 2685 quod
743 2647 834 2672 exiet
867 2637 974 2671 haeres
1005 2638 1039 2669 δε

114 2700 188 2722 raro
217 2687 316 2721 fiscus
339 2687 370 2721 se
393 2685 613 2725 intromittit,
642 2685 749 2732 polset
769 2684 1040 2731 tamen‚quando

113 2735 294 2770 defuiickus
314 2748 380 2770 non
399 2733 538 2768 haberet
560 2734 793 2774 lucoeffooem,
822 2733 853 2766 se
875 2732 1039 2767 intromit-

118 2795 203 2824 tere,
220 2794 257 2818 ut
274 2784 355 2818 dixi.

170 2832 250 2868 Nec
273 2832 394 2869 obstat.
434 2830 532 2878 quod
557 2841 638 2865 text.
654 2833 685 2863 in
703 2829 725 2863 l.
745 2830 825 2874 ²·ff·
843 2829 885 2862 de
900 2827 1039 2863 cur.bon.

119 2881 225 2917 dand.
255 2883 343 2926 Sper.
360 2883 411 2913 tie.
428 2889 534 2913 curat.
563 2890 683 2912 numer.
710 2890 760 2918 ¹4·
786 2881 819 2909 in
838 2876 900 2917 fine
917 2902 925 2915 ,
953 2887 1041 2909 vers.

122 2932 287 2976 opponitur
306 2941 436 2968 autem,
464 2927 521 2961 tib.
550 2940 575 2960 ι.
593 2927 659 2974 fol.
673 2938 728 2968 99.
750 2925 870 2971 Odefr.
889 2924 982 2958 traci.
1002 2923 1044 2956 de

123 2988 231 3014 curat.
251 2988 375 3011 numer.
393 2978 422 3009 6.
438 2987 512 3008 tom.
532 2975 563 3008 8.
575 2986 649 3020 par.
667 2987 696 3007 t.
714 2973 781 3020 fol.
795 2974 874 3016 406.
894 2971 1041 3006 Stracch.

124 3025 288 3072 ubisupra
305 3051 313 3063 ,
343 3024 377 3060 (5
403 3026 511 3070 Capic.
528 3024 658 3066 dec.87.
678 3033 799 3054 numi
819 3019 953 3059 dicant,
983 3030 1044 3053 cu-

124 3084 266 3108 ratorem
287 3071 353 3106 effe
370 3071 517 3106 dandum
533 3072 576 3105 ad
592 3071 775 3104 instantiam
795 3067 927 3115 majoris
942 3067 1046 3115 partis

120 3121 345 3156 creditorum.

175 3169 271 3212 Quia
288 3167 489 3214 respondeo,
514 3167 547 3201 id
565 3165 630 3200 esse
647 3177 776 3206 verum,
803 3164 942 3212 quando
963 3175 1044 3199 con·

125 3220 265 3252 currunt
296 3219 408 3262 plures
431 3215 617 3249 creditores
635 3240 644 3254 ‚
681 3214 736 3248 sed
750 3213 889 3260 quando
903 3222 1040 3258 apparet

125 3276 212 3300 unus
231 3263 335 3306 solus,
360 3274 442 3299 tunc
456 3261 671 3297 necessarium
691 3263 751 3302 est,
767 3273 805 3297 ut
823 3261 865 3295 ad
882 3260 984 3308 iplius
999 3261 1046 3295 in-

121 3311 272 3347 stantiam
287 3313 398 3348 detur.

171 3361 310 3405 Quaero
329 3357 629 3406 tertio‚quomodo
640 3355 683 3392 ad
699 3357 793 3392 hunc
810 3353 963 3392 effestuin
984 3383 991 3395 .
1009 3367 1048 3395 ut

123 3409 222 3457 poffit
237 3408 307 3443 dari
320 3417 461 3443 curator
487 3405 840 3454 haereditatijacenti.
865 3405 1044 3444 constabit,

98 3496 101 3499 ¹
121 3457 220 3507 quod
231 3456 408 3492 desanaus
422 3466 489 3489 non
504 3455 622 3488 habeat
637 3454 681 3488 de
692 3453 847 3500 praelenti
863 3451 1049 3488 haeredem?

171 3505 389 3553 Respondeo.
419 3502 612 3539 Constabit,
629 3501 768 3549 quando
784 3513 824 3536 ex
841 3502 980 3536 decreto
997 3502 1048 3546 ju-

123 3554 212 3589 dicis
238 3553 299 3588 etit
315 3549 544 3598 faflajuridica
563 3549 759 3597 diligentia,
775 3562 814 3585 an
830 3549 913 3584 adsit
924 3550 1047 3592 haeres,

127 3603 162 3638 δι
176 3601 288 3637 nullus
300 3600 474 3650 apparebit
494 3597 611 3633 liaeres.

179 3650 318 3693 Quaero
336 3658 471 3695 quarto,
500 3646 610 3692 qualis
631 3646 752 3682 debeat
769 3644 835 3681 esse
863 3645 1049 3693 diligentia.

180 3694 390 3745 Respondet>
406 3723 415 3739 ,
441 3694 650 3741 diligentiam
675 3695 760 3731 lianc
777 3691 871 3742 posse
898 3695 1051 3741 pluribus

1082 284 1192 320 modis
1210 285 1345 331 expleri.

1129 332 1260 367 Primus
1286 332 1410 368 modus
1433 331 1507 373 est,
1531 340 1576 366 ut
1608 331 1758 366 creditor
1783 328 1883 364 saciat
1908 326 2005 365 citari

1082 381 1276 415 nominatim
1299 381 1451 415 haeredes
1465 406 1475 420 ‚
1503 379 1648 425 scriptos
1670 380 1704 414 in
1738 378 1954 416 testamento,
1982 375 2007 409 fi

1082 427 1262 462 defunftus
1279 428 1456 462 decellerit
1469 428 1618 466 testatus.
1649 426 1704 461 seu
1717 435 1933 473 proximiores
1949 425 2008 458 de·

1084 475 1186 511 funffl
1205 503 1214 518 ,
1242 477 1263 510 si
1286 476 1459 511 decesserit
1476 476 1651 510 intestatus
1672 475 1716 510 ad
1740 474 1978 508 declarandum
1994 497 2005 512 ‚

1083 534 1123 557 an
1147 525 1225 565 sint,
1256 525 1309 559 vel
1335 523 1401 558 effe
1428 524 1531 559 velint
1552 523 1706 558 haeredes
1723 548 1734 564 ‚
1763 525 1795 557 &
1820 531 1859 554 ex
1881 530 2008 565 quanta

1084 581 1199 617 pai-te,
1227 574 1306 619 quia
1335 572 1449 612 anor,
1476 583 1515 606 ut
1533 573 1619 606 bene
1635 580 1736 618 agat,
1766 567 1876 616 potest
1899 568 2009 601 facere

1085 621 1323 666 praeparatoria
1341 621 1383 654 ad
1403 619 1635 665 legitimandas
1655 631 1686 654 in
1709 618 1821 666 primis
1840 614 2006 662 personas,

1085 678 1228 714 quarum
1255 668 1527 714 legitimationem
1554 666 1619 702 effe
1644 665 1854 702 necessariam
1872 662 2009 697 secutus

1084 715 1152 749 suni
1171 716 1220 763 gl.
1230 716 1368 763 praeced.
1384 715 1571 753 namna&
1573 721 1667 764 seqq.
1687 715 1721 750 &
1738 712 1906 761 speciatim
1921 721 2008 745 num.

1086 774 1143 804 ²4·
1159 776 1212 810 ²7·
1231 765 1265 800 ὠ·
1274 766 1348 810 seq.

1133 811 1202 846 Sed
1223 822 1338 846 revera
1362 810 1418 847 hic
1437 810 1561 848 modus
1585 822 1654 847 non
1677 808 1818 851 sufficit,
1841 820 1881 849 ut
1907 808 2010 846 detur

1085 869 1245 902 curator,
1273 859 1354 908 quia
1378 857 1453 893 sunt
1476 858 1708 896 considerandi
1730 868 1880 906 quatuor
1899 855 2014 894 casus:

1086 908 1214 953 primus
1239 907 1286 944 est
1309 905 1447 954 quando
1464 907 1590 942 citatus
1611 908 1722 948 venit,
1751 906 1784 942 ὅ(
1807 906 2002 953 respondet,

1086 953 1118 988 se
1137 954 1203 991 esse
1225 955 1398 990 baeredem
1414 980 1423 997 ,
1451 956 1484 990 δε
1510 956 1581 990 hoc
1601 954 1769 995 ostendit,
1795 955 1828 989 δε
1861 953 2011 990 declarat

1087 1003 1172 1037 velle
1189 1002 1255 1039 esse
1273 1006 1401 1043 hanes,
1432 1006 1463 1039 δι
1488 1003 1552 1038 isso
1574 1000 1649 1038 casu
1667 1001 1768 1039 cessat
1789 1012 1880 1043 cura,
1895 1001 2011 1036 secun·

1086 1050 1151 1085 dus
1175 1052 1269 1086 casus
1292 1051 1338 1086 est
1352 1077 1362 1091 ‚
1388 1051 1529 1099 quando
1549 1051 1756 1097 respondet,
1782 1049 1815 1084 se
1832 1061 1902 1086 non
1921 1048 2008 1090 else,

1086 1110 1150 1134 nec
1174 1101 1260 1135 velle
1274 1099 1341 1135 esse
1358 1100 1526 1135 haeredem
1538 1125 1549 1141 ‚
1569 1101 1602 1134 <k
1619 1100 1686 1134 lioc
1711 1098 1788 1136 casu
1803 1109 1843 1133 ex
1861 1099 1925 1134 hac
1943 1096 2011 1131 [ola

1085 1149 1299 1194 responsione
1309 1159 1376 1183 non
1393 1146 1584 1181 devenirem
1601 1147 1643 1181 ad
1660 1156 1785 1182 curam.
1802 1145 1858 1180 sed
1872 1145 2010 1180 adhibe-

1085 1206 1151 1229 rem
1171 1199 1329 1242 muJorem
1349 1194 1569 1241 diligentiam,
1585 1195 1628 1229 de
1645 1206 1711 1243 qua
1726 1195 1880 1241 numseq.
1894 1196 1927 1227 in
1939 1192 2010 1230 m&

1086 1254 1116 1288 3.
1135 1244 1238 1284 modo,
1255 1255 1328 1291 quo
1343 1244 1452 1291 pollet
1469 1253 1630 1290 apparere
1646 1246 1730 1278 alius
1744 1243 1868 1283 haeres,
1889 1240 2013 1275 tertius

1086 1291 1180 1326 casus
1206 1292 1273 1332 est,
1299 1291 1438 1337 quando
1463 1302 1562 1326 nemo
1581 1300 1775 1334 comparet,
1801 1291 1834 1325 ὅ(
1851 1290 1914 1326 isto
1933 1286 2013 1324 casu

1086 1339 1179 1374 tanto
1189 1340 1293 1374 minin
1305 1340 1497 1374 devenirem
1511 1338 1554 1373 ad
1566 1339 1676 1373 dandfi
1690 1348 1903 1380 curatorem;
1917 1336 2011 1384 quia,

1085 1387 1230 1422 similiter
1245 1389 1438 1422 adhiberem
1455 1387 1680 1432 diligentiam,
1694 1387 1738 1421 de
1754 1397 1823 1434 qua
1837 1384 1931 1426 infra,
1948 1386 2014 1430 pri-

1087 1447 1158 1469 mus
1170 1446 1279 1470 tamen
1293 1436 1383 1470 casus
1397 1437 1442 1468 est
1458 1435 1549 1469 utilis
1563 1435 1606 1468 ad
1626 1432 1835 1470 fundandum
1849 1433 2015 1479 judicium

1087 1493 1255 1529 quatenus
1275 1486 1401 1517 ciratus
1417 1482 1555 1524 doceat,
1575 1483 1606 1516 se
1619 1481 1685 1515 effe
1703 1483 1892 1517 haeredem:
1909 1490 2016 1515 caete-

1088 1544 1158 1565 rum
1186 1533 1227 1565 ad
1249 1531 1405 1566 effestum
1427 1531 1529 1565 dandi
1561 1541 1755 1564 curatorem
1773 1530 1829 1564 hic
1849 1528 1973 1563 modus
1994 1529 2015 1562 ὲ

1088 1580 1232 1625 practica
1253 1592 1320 1614 non
1343 1581 1389 1614 elt
1416 1589 1597 1626 receptus,
1626 1578 1695 1613 imo
1714 1588 1836 1613 cautus
1849 1576 2015 1616 creditor,

1087 1629 1186 1661 eiiam
1211 1628 1232 1661 ii
1257 1628 1336 1662 sciat
1353 1654 1362 1667 ,
1389 1627 1536 1673 aliquem
1561 1624 1628 1660 else
1645 1626 1826 1666 haeredem,
1839 1626 1873 1660 ὅς
1887 1623 1922 1658 id
1938 1635 2017 1671 pro—

1089 1677 1165 1708 baie
1187 1675 1297 1722 possit‚
1309 1686 1419 1710 tamen
1436 1675 1478 1708 ad
1496 1673 1690 1708 evitandum
1706 1674 1776 1708 hoc
1790 1685 1876 1708 onus
1892 1673 2017 1719 proba-

1089 1724 1203 1763 rioms,
1215 1724 1460 1765 soler‚limulata
1471 1723 1671 1769 ignorantia,
1685 1722 1813 1760 instare,
1832 1733 1895 1768 pro
1906 1721 2017 1768 depu-

1090 1781 1220 1809 tatione
1236 1781 1456 1812 euratoris,ut
1472 1772 1503 1804 in
1519 1770 1672 1817 sequenti
1689 1768 1839 1805 secundo
1853 1769 1971 1804 modo.

1140 1820 1196 1853 Est
1213 1822 1311 1854 etiam
1328 1820 1420 1855 utilis
1434 1817 1494 1853 isse
1508 1818 1634 1853 modus
1651 1819 1684 1852 in
1707 1819 1814 1864 primo
1830 1817 1919 1858 casu,
1928 1815 2018 1864 (μιξ-

1091 1867 1138 1901 do
1157 1869 1198 1903 ic.
1216 1870 1342 1903 citatus
1365 1867 1521 1909 doceret,
1537 1866 1569 1900 se
1585 1865 1651 1901 effe
1674 1866 1844 1901 haeredem
1859 1877 1898 1899 ex
1920 1866 2018 1900 testa-

1091 1927 1217 1957 mento,
1249 1919 1302 1952 vel
1317 1917 1358 1950 ab
1377 1915 1531 1950 intestato
1549 1941 1559 1956 ,
1584 1914 1640 1949 sed
1665 1924 1774 1950 tamen
1804 1914 1958 1955 diceret,
1986 1913 2019 1948 se

1092 1966 1240 1998 nondum
1262 1963 1476 2000 delibetaile.
1505 1965 1537 1997 δε
1555 1973 1725 2009 quatenus
1741 1961 2020 2003 deliberalset‚di·

1091 2023 1195 2052 cerer,
1215 2013 1245 2046 se
1265 2013 1416 2047 nondum
1433 2010 1573 2046 adiviise
1590 2010 1842 2051 haereditatem,
1867 2011 1946 2056 quia
1961 2011 2018 2056 ju-

1094 2060 1159 2093 dex
1177 2071 1261 2095 tunc
1279 2059 1387 2108 posset
1407 2059 1453 2092 illi
1470 2058 1646 2105 praefigere
1672 2058 1849 2093 terminum
1877 2069 2020 2105 compe-

1094 2117 1221 2142 tentem
1238 2110 1279 2142 ad
1296 2109 1603 2148 deliberandum&
1622 2107 1663 2140 ad
1677 2106 1893 2148 adeundum
1911 2106 2020 2151 posset

1093 2167 1189 2190 etiarn
1205 2168 1243 2190 ex
1263 2167 1346 2191 tunc
1361 2157 1540 2191 declarare.
1562 2155 1596 2189 se
1611 2156 1701 2188 nolle
1718 2153 1784 2189 effe
1798 2154 2020 2195 haeredum&

1093 2206 1246 2251 undique
1261 2204 1453 2238 resultarent
1470 2205 1568 2238 utiles
1582 2203 1732 2244 effeetus,
1743 2203 1788 2237 de
1803 2203 1932 2250 quibus
1947 2215 2018 2237 non

1093 2251 1140 2285 est
1157 2254 1211 2286 hic
1232 2254 1342 2294 locus,
1358 2265 1394 2288 ut
1408 2263 1557 2297 agamus.

1144 2301 1322 2336 Secundus
1359 2300 1481 2334 modus

1092 2351 1160 2395 be]
1179 2350 1238 2389 est,
1261 2360 1298 2383 ut
1320 2348 1469 2383 creditor
1484 2347 1583 2382 faciat
1598 2347 1640 2381 ad
1658 2347 1705 2380 sui
1721 2347 1839 2382 instant
1874 2359 1905 2381 m
1922 2347 2018 2382 citari

1092 2399 1246 2432 haeredes
1265 2398 1287 2430 fi
1307 2398 1365 2444 qni
1390 2396 1460 2434 sint,
1482 2397 1534 2429 vel
1556 2395 1621 2429 ell'e
1637 2395 1739 2431 velint
1756 2408 1789 2444 q.
1807 2397 1852 2429 N.
1870 2396 1937 2430 hoc
1946 2407 2019 2430 mo-

1093 2448 1153 2481 do.
1178 2449 1323 2480 Citemur
1344 2444 1486 2479 haeredes
1502 2443 1530 2488 fi
1544 2446 1598 2491 qui
1617 2443 1672 2483 fim
1685 2469 1695 2485 ‚
1711 2444 1768 2477 vel
1788 2444 1843 2493 effe
1861 2444 1967 2478 velint
1983 2456 2014 2490 q.

1093 2497 1138 2530 N.
1167 2493 1212 2530 ad
1229 2495 1479 2540 comparendum
1509 2493 1654 2542 legitime
1669 2518 1678 2532 ,
1707 2493 1740 2529 &
1758 2492 1995 2538 acceptandum
2009 2518 2019 2534 ,

1093 2544 1151 2576 vel
1166 2542 1382 2576 recusandum
1405 2540 1626 2575 haerediiaiem
1643 2541 1776 2587 praefati
1796 2542 1841 2575 Ν.
1861 2541 1952 2574 alias
1969 2543 2025 2574 vi-

1094 2591 1247 2629 dendum,
1276 2589 1432 2636 deputari
1450 2599 1634 2623 curatorem
1659 2589 1754 2622 illius
1771 2588 2024 2632 haereditarija-

1095 2641 1177 2673 centi
1197 2640 1379 2686 primoyre
1396 2639 1505 2683 prima
1526 2636 1687 2670 dilatione
1703 2638 1749 2669 ad
1764 2640 1907 2684 primam
1924 2637 2026 2674 diem.

1096 2687 1328 2726 Instante,&c.
1344 2685 1493 2731 haecque
1516 2695 1637 2719 citatio
1658 2685 1759 2718 datur
1782 2683 1908 2719 cursori
1927 2711 1937 2725 ‚
1963 2684 2026 2731 qui

1098 2735 1180 2768 facta
1209 2732 1385 2778 diligentia
1407 2732 1449 2766 de
1477 2732 1678 2779 reperiendo
1701 2731 1851 2769 haere'des
1873 2732 1966 2767 domi
1993 2734 2029 2767 in

1097 2794 1165 2830 qua
1184 2782 1293 2815 dietus
1308 2792 1342 2827 q.
1369 2781 1414 2814 N.
1435 2792 1591 2816 mittunt
1620 2779 1685 2815 fuit
1700 2806 1709 2820 ‚
1739 2781 1819 2814 &in
1835 2780 1955 2814 vicinia
1968 2780 2028 2813 ali·
2047 2778 2054 2785 ’

1097 2830 1192 2879 ilqiie
1215 2830 1313 2870 locis,
1330 2828 1642 2864 facietielationem
1657 2828 1766 2877 judici
1786 2828 1830 2863 de
1849 2828 1935 2863 dicta
1950 2827 2028 2862 dili-

1098 2880 1225 2925 gentia,
1244 2877 1276 2910 se
1300 2877 1427 2911 nullum
1444 2876 1612 2911 haeredem
1629 2871 1795 2917 invenisse,
1823 2877 1857 2911 &
1875 2886 1957 2911 tunc
1970 2875 2025 2923 ju·

1098 2928 1163 2961 dex
1178 2925 1316 2960 eandem
1328 2924 1733 2970 diligentiamfaciendam
1745 2924 1927 2960 committit
1939 2925 2030 2960 duo·

1098 2977 1164 3010 bus
1183 2975 1254 3009 aliis
1278 2973 1471 3008 cursoribus
1494 2984 1573 3007 cum
1595 2973 1713 3007 eadem
1745 2972 1913 3007 citatione
1931 2998 1940 3012 ,
1967 2972 2027 3019 qui

1099 3023 1237 3057 eandem
1261 3020 1470 3066 diligentiam
1497 3020 1645 3060 facient,
1671 3022 1706 3055 δε
1734 3020 1877 3057 referent
1892 3020 2000 3066 judici
2017 3047 2029 3063 ,

1100 3073 1134 3106 δι
1152 3081 1234 3105 tune
1250 3068 1354 3115 judex
1379 3069 1541 3103 decernet
1557 3066 1750 3115 processum
1762 3080 1822 3114 per
1839 3068 2030 3103 affixionem

1100 3119 1142 3154 ad
1162 3119 1274 3153 valnas
1294 3118 1401 3152 curiae
1415 3143 1424 3157 ‚
1453 3118 1487 3152 δε
1510 3116 1674 3152 domicilii
1695 3114 1844 3150 defunsti
1864 3142 1872 3155 ‚
1900 3117 1922 3150 fi
1946 3116 2030 3151 illud

1102 3167 1201 3202 hibet
1215 3191 1224 3206 ,
1253 3165 1336 3200 alias
1362 3164 1442 3199 loco
1461 3165 1549 3198 illius
1567 3164 1600 3198 in
1616 3165 1689 3200 acie
1711 3165 1818 3211 campi
1835 3163 1951 3200 Florae
1971 3178 1978 3199 τ
1995 3166 2029 3199 &

1101 3216 1135 3251 in
1162 3214 1365 3248 executione
1382 3212 1484 3262 hujus
1501 3212 1629 3247 decreti
1643 3212 1701 3247 fiet
1714 3212 1774 3245 alia
1791 3214 1908 3248 citatio
1927 3213 2031 3259 liujus

1103 3262 1239 3301 tenoris.
1258 3263 1403 3296 Citentur
1417 3273 1475 3308 per
1492 3261 1674 3306 affixionem
1692 3261 1740 3294 ad
1751 3260 1874 3294 valuar
1886 3263 1981 3296 curiae
1994 3261 2029 3297 (5

1101 3313 1188 3347 aciei
1206 3312 1318 3357 Campi
1333 3310 1441 3349 Flora,
1459 3311 1520 3357 seu
1532 3309 1754 3356 domussoliaeae
1766 3308 1988 3349 habitaiionis,
1998 3321 2029 3356 q.

1103 3361 1147 3394 Ν.
1164 3355 1346 3402 haeredesfi
1359 3360 1412 3403 qui
1417 3359 1509 3406 sunt,
1521 3356 1578 3391 vel
1591 3357 1647 3404 effe
1661 3356 1829 3395 velificati
1844 3368 2029 3404 comparen-

1104 3407 1182 3442 dum
1196 3406 1392 3455 legitime&
1407 3405 1655 3447 acceptandum,
1671 3403 1729 3437 vel
1745 3405 1960 3451 recufimdum
1972 3407 2031 3440 hae.

1103 3454 1281 3491 feditatem
1291 3455 1423 3498 praefati
1432 3452 1606 3501 q.N.alias
1621 3451 1802 3486 videndum
1814 3453 1964 3500 deputari
1975 3467 2032 3490 :u-

1103 3503 1313 3538 ratore'illius
1325 3499 1622 3546 haereditatijace'ti
1646 3502 1751 3545 prime
1769 3510 1830 3546 pro
1849 3504 1960 3549 prima
1980 3503 2032 3536 di·
2078 3510 2084 3514 “

1105 3552 1226 3585 latione
1235 3550 1282 3584 ad
1292 3550 1435 3595 primam
1447 3548 1554 3588 diem,
1572 3547 1725 3593 Instante,
1742 3547 1808 3586 &aa
1828 3549 1869 3584 In
1888 3550 2031 3586 termino

1106 3598 1209 3645 hujus
1228 3597 1400 3632 citationis
1416 3596 1518 3643 judex
1546 3596 1680 3630 mandat
1696 3595 1791 3630 citari
1807 3595 1849 3631 ad
1866 3597 1952 3631 idem
1969 3608 2034 3642 pro

1106 3644 1264 3687 secunda,
1293 3644 1400 3685 tertia,
1415 3644 1449 3678 <Sc
1463 3654 1583 3691 quarta
1598 3654 1638 3677 eit
1653 3641 1933 3688 superabundanti
1949 3644 2031 3679 dila-

1107 3693 1268 3735 tionibus,
1297 3691 1332 3725 &
1348 3691 1396 3726 fic
1406 3702 1503 3729 esunt
1514 3690 1672 3774 tressallia:
1687 3690 1868 3727 citationes
1882 3690 2034 3738 eJusdem

1681 3750 1701 3772 z
1908 3747 2037 3774 tenoris

1509 2301 1572 2345 [δι
1595 2299 1651 2333 hic
1671 2298 1831 2346 practicat
1859 2311 1872 2332 r
1890 2298 1924 2333 in
1947 2296 2014 2333 Ur·
2056 2294 2082 2330 6
