2400 3939
823 159 871 222 §.
923 153 1011 209 ΙΙ.
1063 149 1243 211 Gloff.
1288 150 1366 210 V.

177 239 380 277 Surbdeciara
398 264 409 280 ,
453 238 684 285 restringendo
709 238 847 274 eandem
871 240 999 275 tertiam
1031 242 1091 277 de-

133 289 345 325 clarationem
357 313 368 329 ,
385 286 638 334 positamsnpra
655 300 740 321 num.
757 300 835 321 ποι.
857 297 896 321 ut
917 289 1014 323 etiam
1032 289 1090 324 de-

132 334 346 382 bitorsspossit
367 346 493 380 cogere
507 335 708 369 creditorem
726 334 768 368 ad
788 335 880 380 recip
896 335 1012 370 endam
1040 337 1091 372 so-

131 385 295 420 lurionem
310 381 384 416 -alio
405 382 439 416 in
459 383 540 416 loco
558 409 567 424 ‚
596 383 628 416 δε
656 393 721 416 tarn
744 383 816 428 post
843 382 950 424 diezn,
986 396 1087 431 quarn

130 443 207 468 ante
234 431 321 464 diem
343 429 529 464 dummodo
551 431 639 465 ultra
666 430 786 464 sortem
816 430 922 464 solvat
947 458 956 472 ,
990 432 1088 479 quod

128 479 260 515 interest
288 476 416 512 ratione
435 478 523 516 loci,
555 479 587 512 ὃς
605 477 763 524 temporis
780 504 789 519 ‚
808 489 844 512 ut
865 478 999 514 secitus
1017 479 1086 514 siim

117 532 224 578 supra
239 538 268 559 n.
286 538 365 565 200.
384 526 510 560 declar.
527 539 558 560 2.
581 525 603 559 fi
619 537 767 572 rempuS,
795 527 833 560 ὅς’
852 526 949 561 locus
975 529 1013 564 lit
1030 529 1086 563 ad-

125 575 232 627 iectus
254 572 360 620 gratia
385 574 596 615 creditoris.-

173 623 218 658 Et
241 622 317 656 haec
339 620 499 656 sufficiant
520 620 637 670 quoad
658 621 800 668 primurn
838 621 971 665 casum,
1001 623 1086 669 pofi-

127 683 198 708 tum
212 673 318 719 fitpra
333 669 397 718 sub
415 681 446 703 n.
465 681 477 702 ι
483 681 541 713 94,

13 721 17 792 ι
43 743 113 769 '220
174 719 353 754 Secundus
377 718 470 751 casus
494 718 539 751 est
556 745 563 759 ,
593 717 732 764 quando
758 717 915 753 solutioni
931 730 998 752 non
1010 717 1084 752 des-

14 802 16 811 ,
54 795 65 821 i
125 767 251 803 tinatur
273 766 394 808 locus;
421 768 453 802 &
476 766 538 800 isso
563 766 639 801 casu
669 766 773 800 Doct.
800 764 872 802 sunt
899 766 946 800 ita
971 767 1083 808 varie,

14 818 15 827 ¹
125 813 265 850 confuse
282 840 292 856 ‚
325 814 359 848 &
381 814 623 855 broccardice,
659 825 716 848 aut
736 814 852 860 jejune
876 813 985 848 locuti
1006 840 1016 855 ‚
1046 824 1086 849 ut

123 862 215 899 nulla
244 874 284 896 ex
311 872 426 896 eorum
451 861 546 896 dietis
571 873 661 897 ceria
684 861 761 896 elici
784 862 880 906 possit
909 858 1083 904 resolutio,

123 911 157 946 in
183 909 336 951 tantum,
371 919 411 943 ut
439 912 533 943 Bart.
552 911 621 944 inl.
647 911 698 944 18.
717 913 792 942 item
819 910 892 944 illa.
921 922 1007 944 num.
1030 922 1082 954 13.

123 957 271 1003 verficul.
291 971 393 1004 quaero
415 959 552 1004 quia,ff.
573 960 614 991 de
631 959 754 1003 coi-istit.
768 968 881 1004 perun.
908 957 981 1003 post
998 958 1085 992 rnul-

124 1007 157 1042 ta
179 1005 291 1046 dicat,
320 1006 418 1052 quod
444 1017 537 1041 totus
561 1007 620 1040 isse
639 1006 818 1048 tra-flatus,
837 1017 897 1047 an,
923 1007 956 1040 &
976 1018 1084 1053 quan-

123 1053 171 1090 do
193 1053 342 1090 creditor
366 1054 486 1089 debeat
507 1054 671 1090 accedere
684 1055 725 1088 ad
746 1053 941 1088 solvendum
957 1056 998 1089 ad
1021 1054 1085 1088 do-

123 1114 213 1138 mum
241 1101 427 1143 debitoris,
467 1103 518 1136 vel
542 1102 561 1136 ἐ
589 1101 771 1141 converso,
805 1102 932 1147 pendet
958 1114 996 1136 ex
1021 1103 1084 1136 bo-

112 1162 189 1192 ‘no,
215 1152 248 1185 &
278 1161 401 1196 aequo:
439 1149 494 1183 sed
523 1162 612 1196 ego,
643 1162 709 1185 non
732 1148 975 1196 acquiescens,
1004 1151 1086 1197 quia

123 1197 261 1238 arbitrio
291 1197 417 1244 judicis
441 1197 631 1244 pauciffima
655 1197 896 1233 committenda
923 1197 1013 1238 sunt,
1046 1209 1084 1234 ut

126 1244 262 1281 secutus
283 1246 353 1280 suin
371 1249 403 1279 in
423 1259 490 1280 meo
505 1247 600 1279 ινιιὲῗ.
620 1247 662 1280 de
673 1246 746 1290 ju'd.
766 1247 853 1292 caus
871 1247 894 1280 l.
907 1259 938 1280 2.
960 1257 1032 1292 carp.
1048 1259 1083 1290 9.

123 1306 155 1328 n.
171 1304 272 1339 1¹53·
297 1294 331 1331 &
358 1305 430 1339 cap.
457 1306 502 1330 ιι.
533 1306 564 1328 n.
586 1306 664 1341 297.
684 1307 762 1342 379.
787 1297 821 1330 (y
840 1306 920 1340 390.
937 1294 1083 1330 adhibeo

122 1341 276 1390 quinque
293 1341 522 1387 inspectiones.

172 1388 280 1424 Prima
302 1390 460 1435 inspectio
478 1389 524 1424 est
539 1417 547 1431 ,
582 1389 720 1438 quando
747 1389 896 1425 debitum
925 1390 970 1425 est
987 1386 1082 1425 'reci-

121 1449 263 1484 procum
291 1438 383 1486 quass
409 1438 694 1483 compensitivum
711 1465 720 1477 ,
763 1437 818 1471 sed
845 1438 907 1473 stat
932 1439 964 1472 in
991 1441 1081 1474 elec-

122 1486 215 1521 tione
235 1486 333 1520 unius
358 1497 397 1519 ex
425 1486 499 1531 ipsis
527 1499 568 1520 an
602 1487 683 1522 velit
715 1486 812 1525 dare,
848 1497 884 1521 ut
911 1488 1082 1534 accipiat:

121 1534 156 1569 ὅ(
179 1533 212 1567 in
240 1533 303 1567 hac
333 1533 538 1579 inspectione
562 1534 735 1571 concludo
754 1560 762 1575 ‚
808 1533 903 1580 quod
933 1535 960 1569 is
979 1562 989 1576 ,
1023 1535 1082 1583 qui

119 1581 215 1628 eligit
237 1581 383 1623 solvere,
408 1581 460 1615 seu
486 1582 564 1616 dare
588 1595 687 1622 unum
706 1609 714 1622 ,
741 1593 779 1617 ut
802 1582 954 1629 acquirat
977 1583 1080 1626 aliud,

74 1645 77 1647 ·
120 1629 225 1665 debet
242 1629 406 1664 accedere
432 1630 473 1663 ad
494 1631 630 1665 domum
655 1630 789 1665 alterius
806 1656 816 1670 ,
848 1630 904 1664 cui
924 1632 997 1666 vult
1021 1632 1082 1667 da-

121 1690 156 1712 re
170 1705 181 1720 ,
208 1678 242 1723 ὅ(
269 1678 314 1711 ibi
335 1677 487 1719 solvere,
515 1680 537 1713 l.
559 1679 617 1712 ult.
641 1692 713 1713 cum
734 1678 879 1725 qnidam.
903 1682 935 1713 C.
952 1679 994 1713 de
1011 1692 1081 1714 con-

123 1726 185 1760 dit.
199 1727 294 1774 inser.
320 1726 376 1759 ubi
400 1725 512 1760 servus
529 1727 583 1760 cui
601 1726 710 1761 relicta
734 1720 779 1761 est
801 1726 953 1768 libertas,
975 1728 998 1761 fi
1013 1727 1082 1762 hrc-

104 1773 193 1818 ,redi
213 1783 342 1808 certum
362 1773 545 1808 solid-rum
571 1786 741 1810 numerum
768 1774 924 1816 solverit,
949 1776 1082 1811 accedit

121 1821 165 1856 ad
183 1821 321 1857 domum
342 1822 486 1856 haeredis
501 1850 510 1863 ‚
539 1834 576 1858 ut
597 1822 725 1864 solvat,
744 1823 767 1856 l.
788 1835 843 1857 ιο.
865 1823 950 1869 quod
965 1825 1080 1870 nifi,ff.

123 1870 165 1904 de
176 1883 268 1918 oper.
289 1869 395 1905 libert.
426 1870 485 1905 ubi
503 1871 634 1912 servus,
661 1870 716 1905 cui
739 1870 838 1905 datur
856 1870 990 1906 libertas
1004 1899 1014 1913 ,
1042 1884 1081 1907 ut

121 1929 270 1965 patrono
284 1917 418 1964 praestet
438 1930 574 1963 operas,
595 1920 696 1959 debet
717 1931 771 1952 eas
794 1919 949 1963 praestare
968 1920 1002 1954 in
1019 1919 1082 1955 do-

121 1978 178 2000 mo
203 1966 362 2012 patroni3
392 1967 425 2001 δε
455 1966 540 2000 hanc
569 1967 817 2001 conclusionem
839 1977 955 2002 tenent
984 1970 1080 2003 Bart.

120 2016 154 2047 in
175 2015 198 2049 l.
221 2016 272 2049 18.
297 2017 372 2048 item
394 2014 534 2062 illasub
554 2028 586 2049 n.
604 2028 637 2058 9.
669 2015 716 2049 ibi
732 2040 742 2055 ‚
768 2027 826 2048 αιιι
850 2018 979 2062 respicit
995 2029 1080 2051 com-

121 2063 251 2098 modum
271 2063 413 2109 bursale.
438 2064 472 2098 ἔτ
498 2063 593 2096 Paul.
623 2063 665 2096 de
691 2064 791 2106 Castr.
820 2075 904 2097 num.
924 2075 974 2109 13.
998 2068 1030 2098 in
1045 2078 1077 2099 2.

119 2113 199 2159 casu
222 2111 263 2144 de
278 2111 399 2154 constit.
418 2122 533 2158 pecati-1.
559 2111 593 2147 &
618 2109 840 2157 Tiraquel.de
855 2123 934 2145 retr.
952 2113 1030 2161 lign.
1045 2115 1077 2158 ξ.

119 2172 153 2204 9.
164 2159 256 2208 gloffi
271 2172 301 2205 3,
319 2158 353 2196 &
371 2158 431 2192 ult.
450 2171 479 2192 n.
494 2160 526 2194 6.
547 2161 633 2207 vers.
653 2159 786 2206 ideoque
801 2160 868 2207 sol.
899 2162 977 2203 246.
1000 2164 1079 2194 moti

118 2220 159 2242 ex
169 2207 204 2243 d.
223 2209 245 2241 l.
265 2220 336 2242 cum
348 2206 496 2255 quidam.

152 2254 395 2297 ,Confirmatur
417 2254 523 2301 primo
540 2253 616 2290 liaec
636 2256 811 2291 conclufio
828 2256 860 2290 in
880 2256 973 2298 casu,
1003 2269 1075 2306 quo

116 2302 193 2350 quis
207 2329 218 2345 ‚
246 2302 405 2349 eligendo
419 2328 430 2344 ,
455 2301 495 2337 fit
519 2302 656 2337 debitor
678 2304 722 2337 rei
749 2304 896 2339 modicae
910 2332 918 2346 ,
947 2307 981 2340 ὃς
1002 2317 1075 2340 cre-

116 2351 210 2387 ditor
226 2351 271 2386 rei
296 2363 427 2399 magnae
443 2377 454 2391 ‚
483 2350 562 2399 quia
579 2352 741 2387 convenit
767 2352 887 2387 rationi
912 2354 1074 2395 naturali,

115 2399 349 2447 &aequitati‚
381 2409 419 2434 ut
443 2398 572 2439 hanes,
600 2398 657 2434 seu
680 2400 783 2441 alius,
810 2401 870 2448 qui
900 2413 939 2436 ex
966 2402 1075 2436 modi-

116 2458 179 2488 co,
210 2447 307 2496 quod
321 2446 377 2481 fibi
395 2446 513 2487 datur,
540 2458 694 2493 magnum
715 2449 888 2490 retribuit,
915 2461 982 2484 non
999 2462 1077 2496 gra-

115 2505 216 2530 vetur
233 2496 265 2530 in
287 2507 353 2538 eo,
389 2505 427 2529 ut
449 2494 491 2528 ad
517 2494 602 2530 illud
625 2495 796 2531 modicum
821 2497 1048 2544 recipiendum
1064 2525 1074 2540 ,

114 2543 149 2578 δε
165 2555 321 2591 magnum
345 2542 598 2579 retribuendum
622 2543 741 2580 habeat
761 2544 1073 2582 incommoditatem

114 2591 311 2627 accedendi.

163 2638 391 2676 confirmatur
411 2639 577 2683 secundo,
609 2639 689 2689 quia
713 2640 735 2673 fi
759 2651 818 2681 tu,
842 2641 902 2688 qui
933 2654 968 2676 es
989 2642 1073 2677 Flo·

113 2687 264 2723 rentinus
278 2714 288 2727 ,
314 2687 417 2728 debes
437 2700 576 2735 propter
598 2687 841 2735 emphyteosim
864 2689 982 2725 decern
1007 2691 1073 2725 flo-

113 2747 213 2774 renos
235 2735 366 2771 Abbati
396 2735 494 2770 sansti
522 2736 657 2772 Proculi
676 2736 719 2770 de
741 2737 898 2772 Bononia
913 2764 922 2778 ,
952 2739 1073 2773 teneris

67 2794 75 2803 '
113 2794 152 2819 tu
177 2783 341 2818 accedere
365 2783 407 2818 ad
444 2785 614 2820 Abbatem
647 2785 679 2818 in
714 2785 855 2819 civitate
879 2785 1071 2830 Bononiae,

57 2875 60 2878 ἢ
114 2833 148 2868 ὃς
178 2831 246 2866 illic
272 2830 422 2872 solvere,
453 2833 486 2867 &
502 2847 568 2868 non
591 2833 611 2867 ὲ
629 2843 766 2875 contra3
800 2833 879 2880 quia
897 2833 977 2869 esset
1001 2835 1074 2869 Ab·

46 2878 55 2898 “
113 2878 182 2915 bati
211 2880 287 2927 plus
312 2879 599 2916 incommoditatis
631 2892 730 2929 quarn
765 2882 951 2926 utilitatis3
983 2882 1073 2917 idem

114 2926 195 2963 esset
219 2953 229 2968 ,
265 2927 287 2961 fi
314 2927 507 2970 annuatim,
544 2929 708 2964 debeatur
735 2929 836 2963 alicui
866 2941 952 2964 unus
981 2943 1075 2965 num-

114 2986 210 3016 mus,
239 2975 320 3026 Bal.⁸
335 2979 368 3010 in
385 2976 407 3009 l.
431 2987 481 3018 19.
505 2988 671 3026 acceptam
689 3002 697 3015 ,
728 2990 815 3010 num.
834 2990 888 3021 ²3·
911 2980 997 3024 vers}
1016 2979 1075 3021 sed

111 3023 265 3070 nunquid.
282 3023 432 3072 hincque
451 3023 604 3059 videmus
619 3052 627 3065 ,
656 3024 753 3070 quod
771 3024 901 3060 Orator
925 3037 987 3071 pro
1006 3025 1074 3061 Re-

111 3082 156 3117 ge
180 3071 367 3106 Catholico
383 3098 392 3112 ‚
423 3072 558 3106 nornine
586 3072 694 3119 Regis
712 3098 721 3112 ,
748 3072 884 3119 fingulis
903 3074 994 3107 annis
1020 3085 1075 3109 to-

111 3120 252 3155 iurarem
278 3130 403 3167 equum
429 3119 588 3155 Pontifici
612 3121 644 3155 in
672 3123 745 3167 ejtis
764 3121 912 3166 palatio,
945 3123 988 3156 ad
1010 3122 1074 3157 Di-

114 3178 194 3202 vum
222 3166 360 3202 Petrum
392 3165 569 3213 praesentat
596 3182 658 3216 pro
690 3167 928 3215 recognitione
956 3168 1073 3212 feudi,

114 3224 156 3251 ut
178 3215 280 3250 retuli
310 3218 343 3249 in
365 3228 433 3250 meo
457 3217 551 3253 traH.
581 3217 623 3251 de
648 3216 770 3263 appell.
800 3229 829 3262 q.
854 3217 884 3251 8.
899 3217 964 3263 sub
988 3231 1073 3252 num.

40 3279 100 3313 ²²3
119 3274 195 3298 110.
217 3265 244 3308 †
270 3263 436 3298 Praeterea
457 3275 622 3313 repugnat
649 3263 839 3312 prudentia:
856 3291 864 3304 ,
895 3266 929 3300 δε
953 3266 1074 3301 rationi

113 3311 280 3354 naturali,
309 3322 350 3348 ut
371 3311 448 3359 quis
475 3309 576 3348 saciat
601 3312 635 3347 id
651 3340 661 3354 ,
697 3311 729 3345 in
751 3323 824 3359 quo
850 3312 926 3358 plus
949 3324 1072 3360 expen-

111 3357 226 3400 ditur,
259 3371 360 3408 quam
382 3359 427 3394 de
451 3360 635 3396 commodo
658 3359 889 3408 percipiatur,
925 3362 948 3394 l.
973 3361 1075 3395 medi-

111 3417 277 3442 terraneae.
291 3407 370 3443 Cod.
384 3408 427 3442 de
439 3419 554 3443 annon.
571 3409 605 3445 ἐφ’
622 3409 735 3443 tribue.
748 3408 784 3441 li.
802 3419 855 3440 10.
884 3408 941 3443 ubi
960 3409 1077 3455 prohi-

110 3452 210 3490 betur
227 3455 286 3490 sub
299 3467 401 3503 poena
417 3454 528 3490 ultimi
546 3455 721 3503 supplicii,
752 3466 794 3489 ne
811 3454 979 3492 Civitates
995 3468 1078 3492 one-

113 3512 228 3538 rentur
254 3502 404 3539 illatione
429 3502 566 3545 tributi,
596 3503 628 3537 in
651 3514 719 3551 qua
753 3503 828 3549 plus
854 3505 991 3540 haberet
1013 3504 1079 3539 dis-

113 3549 227 3595 pendii
246 3551 438 3592 translatio,
466 3562 566 3599 quam
591 3550 788 3587 devotionis
817 3550 949 3596 illati03
974 3551 1078 3595 facit,

115 3597 215 3644 quod
239 3596 348 3646 scripfi
368 3599 400 3632 in
425 3598 491 3633 alio
517 3599 693 3646 prdposito
721 3602 755 3634 in
781 3611 849 3633 meo
873 3601 1008 3638 trattat.
1037 3602 1081 3637 de

115 3645 240 3693 appell.
255 3659 285 3696 q.
299 3648 461 3700 17.limi't.
476 3659 534 3690 40.
549 3659 580 3683 n.
598 3659 630 3683 2.

17 273 21 300 Ι
53 254 113 286 ²¹9

15 616 18 651 i

4 2271 6 2318 ,¹
42 2287 101 2311 ιιι

3 2681 5 2704 3
40 2663 101 2687 222

123 3731 145 3738 n...
155 3734 160 3735 γ
171 3730 239 3739 ·--«.
251 3732 266 3740 -

1201 238 1385 285 Quicquid
1395 238 1428 274 in
1444 238 1649 273 contrarium
1660 251 1726 275 non
1743 242 1831 276 bene
1840 239 2002 286 scripserit
2013 243 2109 274 Bart.

1149 291 1183 323 in
1199 287 1269 321 dd.
1291 287 1343 321 18.
1372 290 1450 321 item
1466 287 1539 320 illa.
1549 286 1615 332 fitb
1630 300 1716 322 num.
1731 301 1764 331 9.
1793 289 1857 329 ihi,
1886 301 1921 322 ru
1940 288 2109 337 distingue,

1150 335 1268 374 dices,
1295 334 1390 382 quod
1411 334 1433 367 si
1463 333 1619 369 dominus
1636 334 1802 376 directus,
1833 339 1865 371 dc
1888 338 2111 382 emphyteuta

1150 382 1224 417 sunt
1246 381 1366 416 diversi
1388 379 1475 423 fori,
1513 381 1634 415 sufficit
1653 408 1663 422 ,
1706 383 1804 430 quod
1834 383 2054 428 emphyteuta
2076 383 2109 417 in

1150 431 1226 471 die,
1256 440 1324 477 qua
1352 429 1455 464 debet
1488 429 1620 464 solvere
1645 441 1807 465 canonem
1831 431 1922 465 dicat
1944 431 1976 464 in
2001 432 2109 467 domo

1148 476 1203 514 sua
1219 503 1229 519 ‚
1265 489 1332 523 ego
1355 476 1423 512 sum
1445 488 1580 524 paratus
1604 476 1734 512 solvere
1760 491 1920 513 canonem
1937 503 1946 518 ,
1980 478 2002 511 fi
2028 479 2110 513 eii'et

1148 526 1209 573 qui
1232 526 1398 571 reciperet
1415 551 1424 566 ‚
1455 528 1488 560 ὅ(
1514 525 1581 559 hcc
1608 524 1708 560 faciat
1732 525 1858 567 scribi,
1891 526 1970 572 quia
1997 526 2106 560 credi-

1146 584 1204 609 tor
1225 571 1328 607 debet
1349 573 1397 608 ire
1416 572 1458 608 ad
1472 585 1548 609 eum
1564 598 1574 613 ‚
1604 585 1672 608 non
1696 573 1764 621 ipse
1781 575 1824 610 ad
1837 576 2040 610 creditorem
2058 575 2106 611 al,-

1147 622 1253 656 terius
1278 620 1354 656 fori.

1194 667 1424 703 Confirmatur
1446 668 1548 704 tertio
1563 695 1572 710 ‚
1600 667 1680 716 quia
1692 669 1802 705 omnia
1814 669 1923 711 bona,
1945 681 2026 718 quae
2045 669 2103 705 ha·
2123 680 2191 711 224

1145 717 1264 752 bemus
1280 742 1290 757 ,
1322 715 1398 751 sunt
1415 716 1434 750 ὲ
1456 717 1537 752 Deo
1561 717 1659 752 nobis
1684 717 1760 752 data
1775 744 1785 759 ,
1819 719 1884 767 (&
1905 719 1974 753 hoc
1995 718 2105 753 sciunt

1149 765 1299 809 omnes)
1322 764 1384 811 qui
1407 765 1439 798 in
1467 766 1514 799 eis
1540 765 1597 799 fibi
1621 765 1783 800 decimam
1810 765 2014 808 reservavit,
2045 768 2107 800 Re·-

1146 812 1223 857 bzff
1240 813 1372 847 trac‘lat.
1388 812 1430 845 de
1448 813 1565 849 decim.
1585 813 1687 860 quast.
1705 825 1733 848 ι.
1747 827 1778 847 n.
1797 816 1826 847 6.
1848 815 1882 850 εἶν’
1894 818 1982 862 seqq.
2000 825 2107 862 quare

1147 859 1292 894 decimae
1319 859 1497 895 solvuntur
1524 859 1684 896 Ecclesiis
1707 886 1717 900 ,
1745 874 1814 896 non
1837 862 1965 896 intuitu
1988 860 2107 908 perso-

1147 919 1262 942 narum
1286 907 1611 952 Ecclefiasticarum,
1633 907 1691 943 sed
1709 909 1836 944 intuitu
1859 907 1949 950 Dei,
1977 911 2105 956 Rebuffi

1146 956 1217 989 eod.
1234 957 1331 990 trabi.
1347 956 1447 1002 quaest.
1465 969 1498 1004 7.
1512 969 1598 992 num.
1617 969 1670 998 ¹4·
1689 956 1723 994 &⁹
1750 968 1800 1003 15.
1819 957 1952 992 &ideo
1974 957 2106 992 decima

1148 1003 1273 1037 dicitur
1289 1015 1363 1049 pars
1377 1004 1461 1046 Dei,
1477 1006 1601 1051 Rebuff.
1621 1006 1724 1052 quaest.
1739 1017 1772 1048 9.
1793 1017 1823 1038 n.
1837 1016 1871 1049 9.
1890 1016 1990 1052 quam
2005 1006 2107 1040 Deus

1149 1051 1259 1085 voluit
1280 1052 1338 1086 fibi
1365 1052 1459 1094 dari,
1488 1064 1527 1088 ut
1552 1054 1651 1100 ipsius
1673 1053 1832 1094 datione,
1860 1063 1901 1086 ac
1916 1053 1988 1088 aliis
2004 1053 2106 1088 chris·-

1147 1099 1245 1133 tianis
1266 1100 1426 1146 operibus
1452 1100 1673 1136 mediantibus
1693 1100 1850 1148 poffimus
1876 1102 2013 1146 patriam
2032 1113 2107 1136 coe-

1146 1146 1259 1180 lestem
1280 1149 1481 1195 acquirere;
1510 1160 1595 1196 ergo
1613 1149 1742 1184 decima
1763 1149 1864 1186 debet
1885 1147 1965 1184 solvi
1984 1149 2107 1184 Eccle-

1147 1195 1203 1230 fiae
1228 1196 1261 1229 in
1282 1196 1407 1230 horreo
1433 1197 1534 1243 ipfius
1557 1197 1722 1232 Ecclefiae
1736 1225 1746 1240 ,
1780 1198 1890 1245 Caepol.
1910 1199 2045 1232 truffas.
2062 1199 2106 1231 dc

1136 1245 1262 1290 servit.
1275 1245 1388 1279 urban.
1394 1245 1497 1291 prced.
1513 1259 1598 1293 c.72.
1609 1258 1640 1281 n.
1656 1259 1689 1290 4.
1701 1257 1775 1281 tom.
1789 1249 1820 1280 6.
1832 1247 2104 1294 par-2.fol.207.

1147 1292 1181 1325 &
1196 1293 1369 1338 probatur.
1396 1293 1503 1327 Exod.
1520 1306 1578 1339 23.
1590 1307 1620 1328 n.
1644 1307 1696 1337 19.
1709 1297 1877 1341 primitias
1882 1296 2021 1342 frugum
2039 1306 2103 1329 ter-

1145 1351 1187 1374 rae
1202 1351 1262 1374 tuae
1283 1341 1413 1388 deferes
1430 1344 1463 1374 in
1478 1342 1607 1377 domum
1632 1345 1767 1377 Domini
1785 1344 1851 1375 Dei
1864 1345 1915 1376 tui
1927 1368 1936 1382 ,
1964 1343 1998 1376 ὃς
2024 1345 2103 1378 Ma-

1145 1387 1234 1422 lach.
1254 1400 1283 1432 3.
1302 1401 1332 1422 n.
1350 1401 1402 1422 10.
1416 1391 1534 1436 inferte
1557 1402 1679 1424 omnem
1700 1393 1862 1426 decimam
1877 1393 1909 1424 in
1931 1390 2100 1431 horreum,

1145 1436 1180 1472 (7
1195 1436 1230 1477 fit
1247 1437 1338 1470 cibus
1354 1439 1387 1469 in
1401 1436 1493 1472 domo
1513 1452 1598 1473 mea.

1192 1484 1421 1519 Confirmatur
1438 1497 1559 1534 quarto
1575 1513 1585 1528 ,
1615 1485 1695 1535 quia
1711 1486 1827 1521 volens
1843 1486 2011 1523 retrahere
2026 1485 2100 1520 fun·
2119 1492 2184 1526 225

1143 1531 1221 1567 dum
1236 1558 1246 1573 ,
1275 1533 1308 1567 ὃ(
1324 1532 1452 1568 solvere
1481 1535 1644 1580 pretium,
1669 1534 1772 1569 debet
1795 1537 1957 1571 accedere
1975 1536 2017 1570 ad
2037 1535 2099 1570 dos

1143 1590 1232 1614 mum
1253 1581 1430 1627 emptoris,
1453 1582 1569 1618 &illic
1582 1583 1732 1625 solvere,
1759 1593 1798 1618 ut
1813 1582 1950 1619 secutus
1964 1582 2034 1623 suin
2044 1585 2101 1634 [ιε-

1139 1629 1203 1674 Ρνὰ
1220 1641 1251 1663 n.
1267 1632 1342 1676 ¹⁶7·

1173 1676 1419 1715 ,Confirmatur
1431 1677 1572 1725 quinto,
1589 1678 1669 1725 quia
1684 1679 1707 1713 si
1718 1679 1795 1727 quis
1810 1680 2014 1715 commiserit
2025 1693 2099 1716 mo·
2116 1676 2185 1709 225

1143 1734 1228 1765 ram,
1260 1726 1293 1759 ὅς
1319 1725 1504 1767 veliteam,
1532 1726 1717 1767 solvendo,
1743 1739 1909 1775 purgare,
1929 1729 2033 1765 debet
2047 1729 2104 1764 hic

1139 1771 1280 1807 debitor
1296 1775 1459 1808 accedere
1472 1774 1515 1808 ad
1527 1774 1666 1809 domurn
1691 1776 1870 1811 creditoris
1881 1803 1890 1817 ,
1906 1777 1940 1811 ὃς
1955 1777 2025 1812 illic
2036 1777 2103 1812 sol-

1144 1831 1241 1862 vere,
1266 1821 1348 1868 quia
1361 1847 1370 1862 ,
1387 1821 1554 1857 solvendo
1569 1849 1579 1863 ,
1602 1822 1675 1857 vult
1687 1825 1862 1870 acquirere
1883 1825 2103 1860 remiffionem

1142 1880 1269 1910 morae,
1296 1878 1401 1914 puta,
1429 1869 1651 1910 caducitatis,
1679 1873 1776 1906 Bart.
1792 1876 1824 1906 in
1839 1874 1874 1908 d.
1891 1874 1916 1907 l.
1932 1876 2009 1907 item
2024 1874 2102 1912 illa.

1140 1928 1171 1949 n.
1186 1928 1236 1952 10.
1248 1920 1333 1964 werf
1341 1920 1439 1960 juxta
1452 1919 1621 1964 praedib‘ta,
1637 1919 1682 1954 ibi
1711 1932 1768 1970 ego
1783 1921 1868 1962 dico,
1890 1922 1924 1959 ό
1939 1923 2040 1957 Paul.
2057 1924 2100 1957 de

1142 1965 1242 2010 Castr.
1258 1967 1375 2012 versiam·
1387 1969 1420 2000 in
1436 1966 1573 2014 finesuh
1588 1980 1618 2001 n.
1637 1980 1647 2000 ι
1657 1979 1687 2011 3.

1189 2013 1416 2049 Confirmatur
1430 2015 1540 2056 sexto,
1572 2014 1654 2062 quia
1669 2012 1693 2048 fi
1709 2015 1787 2063 quis
1800 2017 1975 2063 promittat
1997 2018 2100 2054 alicui
2117 2018 2183 2053 2²7

1139 2061 1251 2095 facere
1267 2062 1442 2096 ceffionem
1459 2062 1602 2110 jurium,
1631 2073 1668 2097 ut
1692 2064 1732 2097 ab
1751 2062 1822 2110 ipio
1837 2064 2033 2101 ceffionario
2045 2080 2100 2103 ac·
2127 2088 2130 2092 ·

1139 2109 1252 2157 quirat
1270 2108 1492 2150 solutionem,
1521 2112 1575 2145 vel
1590 2110 1676 2159 quid
1701 2111 1814 2153 aliud,
1839 2113 1942 2149 debet
1963 2117 2100 2161 promis-

1137 2159 1190 2191 sor
1207 2158 1373 2193 accedere
1385 2159 1427 2193 ad
1444 2158 1692 2200 cessionarium,
1715 2162 1820 2195 Innoc.
1839 2166 1874 2197 in
1887 2177 1936 2197 ca.
1953 2177 1988 2211 7.
1997 2163 2095 2212 signi-

1138 2205 1266 2247 ficame.
1283 2218 1383 2254 quern
1404 2206 1526 2241 ibidem
1545 2206 1732 2256 sequuntur
1753 2212 1836 2244 Ant.
1850 2212 1892 2244 de
1910 2213 2004 2246 Busr.
2016 2216 2094 2260 q.'3.
2110 2214 2114 2218 ”

1138 2267 1172 2288 n.
1189 2267 1241 2289 12.
1257 2255 1300 2289 de
1310 2258 1398 2304 pign.
1415 2257 1449 2290 &¹
1465 2256 1543 2289 Bal.
1568 2257 1635 2290 inl.
1657 2268 1708 2299 ¹9·
1722 2270 1901 2305 acceptam.
1914 2260 1979 2308 fitb
1995 2273 2026 2294 n.
2042 2273 2098 2307 23.

1096 2305 1099 2311 '
1137 2305 1224 2350 veis.
1239 2303 1303 2350 sed
1313 2303 1513 2349 nnnquid.C.
1525 2304 1567 2338 de
1584 2307 1671 2352 usur.

1185 2350 1344 2386 Secunda
1358 2350 1515 2397 inspectio
1531 2351 1598 2392 est,
1615 2352 1756 2399 quando
1773 2352 1926 2390 debiturn
1943 2357 1991 2390 est
2006 2369 2097 2392 mere
2113 2349 2182 2384 2²3

1136 2398 1319 2445 gratiosum
1335 2411 1373 2432 ex
1388 2399 1605 2434 liberalitate:
1628 2401 1662 2436 ὃς
1676 2402 1709 2433 in
1722 2400 1785 2435 hac
1797 2402 2002 2450 inspectione
2015 2417 2097 2441 con·

1137 2446 1243 2483 cludo
1261 2473 1270 2488 ‚
1304 2446 1403 2495 quod
1427 2447 1599 2488 creditor,
1622 2449 1659 2483 id
1685 2448 1755 2489 est,
1781 2450 1828 2490 is,
1854 2452 1909 2485 cui
1932 2452 2096 2497 debetur,

1139 2495 1242 2530 debet
1262 2495 1426 2530 accedere
1451 2495 1493 2530 ad
1519 2495 1656 2530 domum
1683 2497 1866 2541 debitoris,
1895 2501 1919 2536 l.
1940 2502 1994 2545 38.
2013 2503 2096 2549 quod

1138 2544 1278 2590 legatur.
1295 2545 1337 2589 ff.
1363 2544 1405 2577 de
1419 2544 1526 2586 judic.
1558 2544 1616 2578 ubi
1639 2546 1816 2592 legaturn3
1853 2547 2034 2584 consistens
2060 2551 2095 2585 in

1124 2591 1310 2637 pondere,
1342 2601 1402 2627 aut
1418 2603 1560 2627 numero
1576 2619 1584 2634 ,
1609 2604 1668 2647 aut
1695 2594 1843 2629 mensura
1867 2595 2010 2632 solvitur
2035 2599 2095 2633 ubi

1135 2649 1275 2685 petitur.

1184 2686 1290 2723 Ratio
1307 2687 1410 2733 hujus
1424 2689 1652 2725 conclusionis
1664 2689 1729 2731 est,
1747 2689 1827 2737 quia
1841 2690 1919 2726 haec
1935 2692 2095 2740 inspectio

1135 2735 1434 2782 comprehenditur
1448 2738 1480 2770 in
1493 2739 1722 2784 praecedenti3
1742 2750 1816 2772 narn
1837 2739 1859 2773 fi
1878 2741 1903 2774 is
1917 2767 1927 2782 ,
1951 2743 2094 2788 quinon

1135 2783 1236 2818 habet
1252 2785 1478 2818 omnimodam
1499 2786 1628 2821 causam
1649 2786 1844 2821 lucrativam
1857 2814 1868 2830 ,
1891 2799 2025 2825 tenetur
2038 2803 2095 2826 ac-

1135 2831 1257 2866 cedere
1267 2831 1310 2866 ad
1327 2833 1465 2866 domum
1477 2834 1563 2880 eJ‘us‚
1578 2835 1597 2870 ὲ
1609 2847 1681 2883 quo
1694 2835 1826 2870 lucrum
1839 2837 1912 2870 vult
1926 2839 2094 2884 accipere,

1135 2879 1244 2913 multo
1257 2879 1361 2926 magis
1382 2880 1449 2914 hoc
1466 2883 1632 2925 procedet
1647 2883 1680 2917 in
1698 2894 1757 2923 co,
1775 2882 1835 2930 qui
1849 2883 1948 2920 habet
1965 2886 2095 2924 causam

1134 2927 1312 2974 gratiosam
1329 2954 1338 2968 ‚
1361 2928 1527 2964 liberalem
1541 2956 1549 2970 ‚
1580 2932 1613 2965 &
1629 2931 1828 2966 omnimodo
1851 2932 2061 2969 lucrativam.

1184 2975 1536 3021 Confirmaturssprimo
1553 2978 1630 3014 haec
1646 2979 1837 3020 conciufio,
1864 2981 1944 3028 quia
1968 2982 1990 3016 fi
2010 2983 2094 3017 Car·
2111 2997 2180 3030 229

1135 3022 1236 3058 dinali
1256 3050 1265 3064 ,
1297 3023 1449 3058 existenti
1479 3025 1512 3058 in
1532 3026 1637 3062 Curia
1664 3027 1842 3069 Romana,
1870 3030 1909 3065 lit
1932 3031 2097 3067 reservata

1134 3072 1249 3119 penfio
1271 3071 1442 3106 scutorum
1463 3072 1595 3108 millein
1621 3074 1828 3121 Episcopatu
1846 3077 1959 3112 Aretii
1973 3105 1982 3120 ,
1999 3079 2097 3127 Epis-

1135 3130 1246 3165 copus
1264 3119 1430 3153 Aretinus
1447 3131 1516 3156 non
1534 3133 1666 3157 tenetur
1687 3123 1817 3157 solvere
1840 3124 1873 3160 in
1895 3126 2011 3167 Urbe,
2040 3128 2096 3164 sed

1134 3168 1167 3202 in
1182 3167 1333 3202 Civitate
1348 3167 1461 3202 Aretii
1476 3195 1486 3210 ‚
1505 3181 1542 3204 ut
1564 3169 1700 3205 sublatis
1716 3171 1871 3213 motivis,
1895 3186 1977 3222 qua²
1988 3176 2097 3213 addu-

1134 3216 1298 3250 cebantur
1319 3215 1352 3248 in
1379 3217 1582 3251 contrarium
1608 3220 1717 3254 tenuit
1746 3223 1817 3255 Rot.
1842 3222 1967 3269 divers.
1993 3226 2095 3274 decis.

1136 3264 1216 3310 678.
1242 3276 1314 3298 cum
1327 3262 1444 3308 fixtur.
1469 3277 1498 3307 3.
1520 3269 1554 3301 &⁹
1566 3277 1600 3307 4.
1614 3270 1647 3300 in
1658 3270 1799 3302 Aretina
1819 3269 1992 3314 pensionis,
2018 3286 2094 3308 ven.

1137 3327 1192 3348 20.
1210 3311 1380 3345 Februarii
1398 3323 1410 3345 ι
1423 3312 1499 3356 598.
1517 3326 1627 3348 coram
1645 3317 1684 3350 R.
1698 3318 1734 3351 P.
1747 3318 1792 3351 D.
1804 3318 1899 3352 Litra
1913 3320 1948 3352 in
1962 3322 2097 3370 impres-

1124 3361 1172 3407 fis
1186 3359 1339 3408 Lugduni
1356 3361 1456 3393 1612.

1184 3405 1416 3442 Confirmatur
1432 3405 1583 3442 secundo
1595 3435 1605 3450 ,
1628 3409 1708 3456 quia
1721 3409 1742 3443 si
1759 3423 1826 3458 ego
1845 3415 2008 3458 promitto
2025 3431 2095 3454 mu-

1138 3466 1234 3490 tuare
1247 3454 1310 3494 tibi
1325 3463 1462 3488 centum
1476 3481 1486 3495 ,
1513 3454 1569 3490 seu
1586 3458 1669 3503 quid
1684 3458 1776 3495 aliud
1791 3455 2037 3507 commodare,
2057 3477 2095 3500 tu

1136 3503 1257 3537 teneris
1274 3502 1387 3543 venire
1403 3501 1445 3536 ad
1461 3503 1599 3538 domum
1616 3516 1733 3547 meam,
1750 3518 1788 3542 ut
1803 3507 1863 3543 tibi
1878 3521 1916 3545 ea
1929 3524 2093 3555 ormnem,

1136 3550 1193 3584 seu
1208 3550 1422 3602 commodem
1439 3576 1449 3591 ,
1470 3551 1505 3586 ὃς
1522 3563 1593 3586 non
1610 3564 1678 3599 ego
1695 3556 1833 3590 domurn
1864 3568 1972 3602 tuam,
2003 3572 2042 3596 ut
2056 3574 2093 3597 ru

1137 3609 1174 3633 ea
1196 3609 1348 3642 recipias.

1184 3645 1413 3684 confirmatur
1429 3645 1540 3689 tertio,
1553 3647 1632 3696 quia
1645 3651 1891 3733 rtbitiiiinqueex
1907 3656 2089 3697 contractu,
2109 3668 2179 3706 23⁸¹

1760 3702 1782 3736 h
1811 3714 1840 3741 -4
2034 3705 2088 3739 vel
