2400 3939
335 171 441 237 398

329 287 814 311 ½*—½
821 304 1278 318 -—-—--——--——-——

635 358 671 406 §.
703 371 741 398 2.
771 358 902 402 Gloff.
925 363 966 404 6.

609 416 680 481 Per
705 444 830 502 questa
855 449 995 502 prima.

581 545 607 576 S
627 547 662 580 U
682 546 729 579 M
747 549 795 581 ΓΛ
815 549 853 583 Α
877 551 903 584 R
929 553 952 585 Ι
971 555 1019 587 A.

321 629 546 669 Mercatorum
558 637 667 683 stylus
690 644 723 676 in
747 643 936 682 litterarum
961 651 1084 687 cambii
1101 654 1276 702 scriptura

367 680 411 725 est
429 686 574 731 concisus
587 712 596 726 ‚
621 700 652 722 n.
670 698 696 724 1.

316 728 451 766 Litterae
477 733 600 767 cambii
622 748 696 784 quot
711 748 772 786 pro
797 745 889 777 unico
915 746 1040 780 cambio
1060 747 1247 792 scribantur
1263 779 1273 796 ,

365 789 396 810 n.
410 789 442 814 2.
470 780 514 814 Et
528 793 631 829 quare
640 785 973 836 pluresfiribantur,
993 807 1024 828 n.
1044 806 1076 841 3.

281 874 296 897 ¹
413 871 522 912 Uaero
535 877 566 913 1.
578 880 664 928 quid
677 883 864 931 significent
877 887 934 922 isla
952 891 1053 926 verba
1065 919 1073 933 ,
1089 904 1151 942 per
1163 899 1272 944 questa

322 873 528 968 Qprima,
545 929 739 973 praesertim,
757 944 834 968 cum
848 935 1053 974 substantivo
1071 946 1234 982 careant?

359 968 568 1017 Respondeo
592 1003 602 1018 ,
630 980 731 1027 quod
759 981 945 1029 significant
970 987 1193 1032 pluralitatem
1217 995 1271 1032 lit-

308 1024 452 1052 terarum
474 1020 626 1060 datarum
641 1053 651 1067 ,
686 1038 744 1063 aut
765 1027 872 1065 forsan
895 1033 1078 1070 dandarum
1092 1065 1101 1078 ‚
1125 1041 1159 1075 ὃς
1181 1041 1269 1079 inter

307 1075 382 1105 eas,
409 1066 468 1101 has
488 1070 554 1105 elle
570 1072 600 1106 in
622 1076 742 1112 ordine
756 1078 896 1122 primas,
924 1094 997 1116 nam
1022 1085 1105 1120 illud
1120 1087 1265 1126 substan-

306 1112 413 1147 tivum
425 1141 435 1156 ,
453 1116 591 1162 lettera,
607 1122 651 1157 de
666 1126 804 1161 conciso
824 1139 1048 1166 mercatorum
1066 1135 1166 1182 stylo,
1190 1141 1266 1175 bre-

269 1198 275 1203 ,
304 1159 401 1194 vitati
430 1162 636 1205 studentium
657 1198 668 1213 ,
707 1174 758 1207 uti
782 1174 1076 1224 subintellestum‚
1111 1185 1265 1237 ideoque

301 1218 370 1242 non
392 1212 618 1258 necessarium,
637 1220 827 1263 omittitur,
845 1226 984 1261 maxime
1001 1241 1079 1264 curn
1101 1233 1262 1282 sequatur

300 1254 354 1289 illa
376 1261 521 1305 qualitas
534 1290 544 1304 ,
573 1265 615 1300 de
626 1270 770 1310 cambio,
792 1271 867 1308 sunt
884 1285 992 1311 tamen
1011 1279 1117 1328 aliqui
1135 1295 1261 1320 merca-

303 1313 414 1349 toreS,
445 1310 505 1356 qui
522 1314 634 1349 ornissa
657 1316 720 1352 hac
739 1318 845 1354 forma
864 1321 1030 1360 scribendi
1048 1355 1057 1367 ,
1076 1341 1136 1375 per
1151 1335 1259 1378 quella

299 1357 409 1399 prima
422 1383 430 1396 ,
446 1361 595 1406 soconda
610 1390 620 1404 ,
644 1366 676 1400 &
696 1365 853 1404 faciendo
871 1371 968 1406 etiarn
993 1375 1103 1421 plures
1118 1378 1256 1425 litteras,

302 1401 434 1445 dicunt,
451 1417 575 1456 pagate
591 1415 720 1461 unasbl
735 1418 839 1451 volta.

350 1451 488 1494 Quaero
518 1456 688 1503 secundo,
726 1475 815 1511 quot
836 1467 1019 1512 creditori,
1047 1474 1103 1507 cui
1131 1475 1255 1515 solutio

295 1497 449 1535 facienda
466 1504 541 1548 erit⁸
555 1506 625 1542 dari
642 1510 786 1547 debeant
802 1514 926 1550 litterae
942 1519 1084 1556 cambii?

341 1547 566 1596 Respondeo,
596 1557 640 1592 de
666 1559 733 1594 istis
759 1561 879 1597 litteris
905 1564 1066 1602 faciendis
1098 1583 1164 1608 non
1187 1575 1253 1610 esse

291 1593 550 1636 determinatum
573 1616 702 1642 certum
728 1620 900 1646 numerum
916 1640 924 1654 ,
957 1616 1036 1662 qaia
1051 1630 1160 1653 earum
1179 1625 1254 1669 plu-

288 1643 399 1679 ralitas
418 1646 590 1693 debitori,
617 1665 671 1689 eas
691 1655 847 1700 facienti,
878 1673 945 1696 non
971 1676 1098 1708 nocet,
1123 1671 1154 1704 &
1178 1683 1251 1706 cre-

287 1690 435 1728 ditorem
452 1722 460 1735 ,
475 1699 531 1732 cui
550 1699 702 1739 facienda
719 1705 763 1739 est
780 1706 916 1751 solutio,
935 1711 1096 1750 relevaret
1112 1719 1152 1750 ab
1167 1733 1248 1754 one-

288 1751 322 1772 re
345 1744 510 1786 probandi
543 1751 708 1788 cambium
725 1780 734 1793 ‚

287 1790 510 1835 perderentur
534 1796 677 1836 litierae:
703 1801 795 1845 dixi,
822 1808 918 1851 quod
936 1806 1071 1845 facienti
1096 1825 1162 1847 non
1185 1830 1247 1851 no-

285 1847 363 1878 cet,
389 1839 469 1886 quia
487 1844 595 1880 unicis
618 1849 736 1885 litteris
750 1853 978 1898 praesentatis,
1001 1860 1141 1908 reliquae
1162 1865 1235 1899 nul-

284 1883 346 1919 lam
367 1886 484 1926 haben
515 1892 593 1930 vim.

344 1933 433 1970 Usus
450 1947 558 1975 tamen
584 1942 727 1981 invaluit
740 1974 748 1988 ,
776 1959 815 1986 ut
832 1949 955 1988 soleant
979 1954 1049 1989 fieri
1069 1968 1135 1993 tres
1153 1961 1246 1997 litte-

284 1993 353 2023 rae,
377 1985 456 2019 Bal.
473 1989 575 2035 consil.
596 1994 675 2038 348.
694 1996 797 2041 faHae
806 2000 967 2045 scierunt,
982 2005 1048 2049 sul>
1063 2019 1096 2040 n.
1116 2021 1146 2054 3.
1168 2023 1244 2045 ver-

271 2032 333 2077 sut
344 2030 463 2075 finem,
481 2036 551 2079 ibi,
570 2049 728 2086 praeterea
744 2045 839 2088 dicit,
857 2049 950 2084 liba.
968 2053 1001 2086 &
1019 2052 1124 2090 solent
1144 2059 1242 2093 etiam

279 2077 351 2112 fieri
371 2092 533 2128 quatuor,
549 2089 602 2122 vel
617 2090 784 2138 quinque,
804 2097 836 2130 ὃ(
852 2109 967 2133 omnes
983 2098 1070 2136 finnt
1088 2102 1149 2140 sub
1172 2108 1245 2141 uni-

281 2137 320 2160 ca
342 2131 525 2168 verborum
551 2133 775 2182 formalitate‚
804 2153 842 2178 ut
856 2144 924 2180 dixi
944 2150 1134 2198 §.praeced.
1159 2167 1188 2202 q.
1212 2166 1241 2200 5.

267 2175 334 2222 sub
352 2189 381 2210 n.
393 2190 455 2220 44.
471 2185 558 2230 vers:
570 2185 880 2236 advert.ficundo,
897 2194 972 2232 ώή.
986 2210 1042 2245 73.
1061 2199 1095 2236 ό
1110 2214 1165 2248 74.
1184 2204 1243 2238 ubi

279 2223 414 2266 videas,
438 2227 470 2261 ὅ(
490 2229 535 2264 ita
551 2231 736 2281 intelligas,
762 2240 859 2286 quod
883 2240 998 2279 scribit
1018 2251 1112 2285 Joan.
1129 2255 1239 2287 Azor.

276 2271 320 2304 de
340 2275 436 2319 instit.
454 2280 569 2313 moral.
582 2291 672 2327 part.
691 2297 721 2329 3.
737 2285 795 2320 lib.
811 2300 864 2324 ιο.
886 2294 939 2326 tit.
954 2293 997 2327 de
1012 2296 1117 2333 camb.
1136 2302 1237 2346 quest.

274 2331 308 2360 4.
335 2320 474 2366 dicenS,
508 2330 603 2375 qnod
632 2330 739 2367 solent
761 2334 849 2372 binae
865 2337 992 2377 litterae
1015 2343 1127 2388 mitri,
1155 2358 1194 2382 ut
1216 2347 1240 2383 si

273 2367 363 2403 sorte
388 2372 504 2416 primae
523 2377 701 2422 perierint,
722 2380 882 2420 secundae
898 2392 1095 2433 perveniant
1111 2420 1120 2434 ,
1143 2407 1236 2439 narn,

273 2426 313 2451 ut
328 2417 417 2459 dixi,
438 2422 574 2467 possunt
591 2424 663 2461 fieri
678 2429 809 2475 plures,
826 2435 859 2468 δε
877 2447 942 2470 non
962 2451 1077 2474 omnes
1094 2441 1237 2479 mittun-

273 2474 329 2499 tur
345 2467 466 2503 eodem
484 2481 658 2519 tempore,
685 2475 741 2512 sed
758 2479 882 2516 dantur
903 2484 933 2517 ei
949 2511 957 2525 ,
980 2489 1041 2534 qui
1059 2489 1105 2523 est
1125 2493 1236 2528 credi·

272 2522 328 2548 tor
340 2514 524 2553 litterarum
536 2546 546 2560 ‚
565 2532 603 2556 ut
622 2523 644 2556 si
659 2525 797 2570 primae,
814 2541 900 2577 quas
914 2533 1055 2579 miserit,
1079 2539 1237 2584 perirent,

271 2560 382 2597 mittat
398 2566 514 2610 postea
527 2567 702 2607 secundas.

235 2624 252 2658 3
323 2610 462 2654 Quaero
482 2617 605 2660 tertio,
632 2620 675 2653 ad
698 2623 783 2670 quid
809 2623 890 2662 fiant
918 2639 971 2667 tot
993 2630 1119 2669 litterae
1143 2647 1232 2673 cam-

270 2657 313 2692 bii
329 2659 374 2693 de
388 2662 508 2696 eodem
524 2668 700 2703 contrastu
719 2674 838 2708 cambii
854 2673 868 2711 ἒ

317 2705 525 2753 Respondeo
540 2740 549 2752 ,
578 2713 649 2751 fieri
672 2718 901 2767 principaliter
915 2751 924 2766 ,
950 2738 994 2760 ne
1009 2725 1093 2766 fides
1108 2736 1230 2771 cambii

265 2757 430 2791 contracti
446 2771 562 2806 pereat
575 2789 586 2804 ‚
604 2765 639 2799 ὃς
653 2764 869 2812 secundario,
893 2785 935 2807 ne
949 2776 1101 2815 creditor
1112 2807 1122 2823 ,
1141 2783 1233 2818 amis-

262 2803 322 2843 iis,
343 2802 399 2839 seu
414 2805 610 2856 interceptis
622 2813 756 2858 primis,
770 2819 822 2852 vel
842 2819 998 2857 secundis
1011 2825 1147 2872 litteris,
1170 2843 1230 2868 co-

261 2862 363 2898 gatur
380 2853 489 2891 redire
501 2858 543 2893 ad
561 2860 750 2898 debitorem
767 2890 777 2906 ,
796 2867 854 2913 qui
873 2868 952 2904 alias
968 2870 1092 2912 faciat:
1120 2890 1159 2914 ut
1177 2880 1227 2914 in-

261 2901 318 2933 nui
335 2901 434 2936 etiam
447 2917 533 2940 num.
543 2909 682 2954 praeced.
695 2912 881 2950 sicutenim
893 2921 1046 2956 notarius
1056 2936 1096 2959 ex
1107 2925 1227 2962 instru-

260 2959 378 2983 mento
395 2952 548 2990 orientali
565 2982 574 2996 ,
593 2969 694 3002 penes
708 2960 741 2994 se
756 2962 939 3007 existente,
965 2972 1074 3014 potest
1087 3000 1097 3014 ‚
1119 2975 1152 3010 ὅ(
1167 2975 1226 3011 de-

259 2995 316 3030 bet
335 2998 488 3043 partibus
505 3005 699 3048 petentibus
719 3007 800 3044 dare
819 3013 933 3057 plures
951 3019 1086 3064 copias,
1115 3033 1155 3058 ut
1172 3024 1222 3059 se-

259 3053 362 3078 cut-is
382 3046 452 3082 sum
478 3053 512 3086 in
539 3065 608 3087 meo
629 3056 763 3090 tractat.
787 3058 829 3092 dc
842 3063 947 3105 judic.
962 3070 1051 3115 caus
1071 3070 1137 3107 ὡς.
1162 3073 1221 3110 lib.

259 3104 289 3125 2.
316 3104 387 3140 cap.
410 3108 459 3130 tt.
476 3110 529 3132 nu.
550 3111 628 3145 5²7·
644 3103 678 3138 (ἔτ
695 3106 771 3148 538.
803 3106 848 3142 ita
869 3110 987 3154 etiarn,
1014 3117 1074 3163 qui
1092 3119 1220 3165 accipit

256 3141 407 3183 cambio,
426 3146 535 3190 potest
549 3175 558 3186 ,
578 3150 611 3182 ὅ(
628 3149 730 3186 debet
748 3157 876 3200 petenti
899 3158 979 3194 dare
995 3165 1108 3208 plures
1126 3167 1218 3203 litte-

256 3200 306 3221 ras
319 3214 328 3228 ‚
349 3191 429 3237 quia
447 3205 563 3230 omnes
579 3197 652 3232 sunt
670 3200 776 3236 veluti
797 3205 910 3250 copiae
925 3210 1134 3250 authentica-,2
1150 3217 1217 3262 pri-

255 3247 380 3272 marum
403 3239 609 3284 litterarum,
637 3247 670 3280 &
696 3249 755 3294 qui
784 3251 894 3297 plures
926 3258 1032 3301 petit,
1058 3263 1216 3300 consulto

253 3284 347 3330 agit:
375 3287 452 3333 qnia
465 3302 523 3326 aut
538 3292 582 3326 de
599 3297 774 3331 contractu
794 3303 912 3335 cambii
930 3308 1063 3342 conflat
1081 3322 1139 3355 per
1155 3325 1217 3358 pu-

253 3331 377 3366 blicum
397 3335 651 3375 instrumentum
670 3369 680 3383 ,
708 3346 741 3378 ὃς
766 3357 847 3382 tunc
869 3354 1024 3396 quamvis
1045 3359 1214 3403 creditor,

253 3379 352 3413 etiarn
375 3382 503 3419 litteras
520 3389 639 3423 cambii
658 3392 793 3434 amiffis,
813 3395 849 3429 sit
865 3409 985 3433 cautus
1003 3403 1048 3437 de
1069 3408 1214 3451 cambio,

252 3426 493 3475 nihilominus,
526 3437 568 3470 ad
593 3437 772 3474 evitandos
799 3442 932 3480 labores
961 3447 1108 3487 faciendi
1140 3455 1212 3491 fieri

248 3474 328 3509 alias
351 3477 505 3521 litteras„
526 3493 626 3518 caute
643 3487 720 3520 alias
734 3490 774 3523 ab
795 3490 891 3527 initio
907 3497 1028 3531 eodem
1057 3511 1213 3548 tempore

249 3520 329 3557 facit
354 3523 425 3558 sieri
443 3541 450 3561 ;
481 3541 540 3565 aut
566 3533 698 3569 conflat
729 3548 768 3570 ex
788 3538 945 3577 librismet
962 3545 1061 3590 ipfius
1073 3549 1208 3586 debito-

251 3569 308 3610 ris,
335 3573 368 3606 ὅ(
387 3582 468 3609 tunc
486 3578 631 3613 timiliter
648 3584 783 3619 cautius
797 3599 894 3634 aget,
919 3590 1075 3631 habendo
1093 3599 1205 3644 plures

246 3617 396 3654 litteras:
434 3635 492 3659 aut
521 3627 650 3661 constat
674 3628 778 3667 solum
811 3647 870 3681 per
887 3637 971 3684 ipsas
995 3640 1144 3688 litteras,
1172 3651 1205 3684 &

244 3676 326 3701 tunc
345 3671 527 3708 cautiffime
544 3673 624 3710 facit
639 3687 647 3709 :
677 3677 745 3713 imo
761 3680 825 3717 isto
843 3686 920 3720 casu
933 3713 942 3729 ,
969 3689 1002 3724 ὃς
1015 3693 1106 3726 omni
1123 3695 1203 3738 alio,

772 1754 794 1788 si
818 1757 936 1803 primae
958 1787 966 1799 ,
996 1774 1054 1797 aut
1086 1763 1248 1805 sccundae
1272 1772 1276 1773 ⁷

704 173 1055 257 Sigismundi
1082 181 1326 244 Scacciae
1353 186 1550 250 Tracst.
1576 192 1650 251 de
1677 197 1970 260 Commer.

1336 286 1409 322 quo
1438 278 1482 313 de
1500 283 1632 317 cambio
1661 296 1729 319 non
1756 298 1886 324 extaret
1905 291 2082 337 publicum
2104 295 2290 336 documen*

1337 333 1407 358 tum
1421 352 1430 368 ,
1452 328 1553 364 debet
1573 330 1699 378 semper
1715 346 1818 380 penes
1839 336 1872 371 se
1885 338 2009 376 habere
2021 344 2137 389 plures
2149 346 2290 392 litterae,

1334 381 1374 406 ut
1389 373 1496 409 unicis
1515 378 1654 424 perditis
1670 380 1790 416 litteris
1803 411 1814 426 ,
1843 386 1918 422 aliae
1933 402 2000 424 non
2016 390 2188 430 deficiant.

1381 420 1440 456 De
1458 423 1579 460 litteris
1593 429 1725 471 cambii,
1736 443 1776 465 an
1792 432 1983 471 indistinete
1997 441 2163 489 obligent,
2178 442 2288 492 scripsi

1331 470 1365 502 in
1383 471 1471 519 glo-[s.
1495 474 1635 520 praeced.
1655 489 1686 511 n.
1700 491 1782 524 450.
1801 483 1835 517 (ἔπ’
1849 485 1940 527 infra
1950 488 2039 535 gloff.
2057 502 2090 533 9.
2105 503 2137 525 n.
2151 493 2183 526 6.
2201 494 2236 530 (ῥ’
2251 507 2288 541 7.

1330 513 1474 554 Litteris
1491 523 1612 557 cambii
1632 526 1771 567 amiffis,
1793 528 1880 577 quid
1896 536 2066 579 agendum
2080 564 2090 579 ,
2116 539 2185 575 dixi
2194 543 2286 590 gloff.

1325 569 1466 611 praeced.
1487 571 1609 615 n.348.
1625 571 1761 624 (τρεῖς.
1785 576 1843 611 De
1859 579 1930 613 aliis
1950 585 2219 632 quaessionibuS,
2240 591 2285 626 ad

1328 613 1456 650 litteras
1474 619 1594 652 cambii
1616 624 1882 668 pertinentibus,
1902 626 2015 679 scripfi
2039 634 2117 671 ead.
2139 637 2191 686 gl.
2199 649 2286 686 pra·

1326 662 1400 696 ced.
1414 663 1494 700 ideo
1509 667 1566 702 hic
1584 677 1656 702 non
1673 683 1805 719 repeto.

1572 1060 2010 1106 sUMMARIA.

1310 1146 1444 1184 Litterae
1465 1151 1587 1188 cambii
1603 1160 1657 1191 cui
1660 1157 1724 1203 fint
1736 1163 1903 1207 solvendae
1917 1192 1925 1202 .
1942 1177 1974 1202 n.
1994 1179 2025 1202 ι.

1311 1195 1454 1240 Adjeffo
1461 1201 1621 1248 solutioni
1634 1208 1820 1245 litterarum
1834 1213 1956 1249 cambii
1966 1218 2052 1250 recte
2065 1219 2218 1264 solvitur,
2233 1236 2255 1258 n

1359 1256 1391 1281 2.
1414 1249 1506 1295 Isque
1515 1252 1641 1294 aflione
1659 1257 1811 1293 mandati
1826 1272 1953 1297 tenetur
1969 1265 2138 1310 restituere
2151 1296 2160 1310 ,
2179 1274 2266 1318 quod

1351 1292 1410 1334 fibi
1420 1297 1486 1341 fuit
1500 1299 1649 1343 filatum
1661 1330 1669 1344 ,
1688 1319 1720 1341 n.
1739 1308 1793 1351 38.

1307 1342 1444 1377 Solvent
1459 1346 1590 1389 adjecto
1608 1349 1651 1384 de
1666 1356 1823 1390 mandato
1847 1357 2007 1396 debitoris
2021 1389 2031 1403 ,
2048 1364 2151 1400 haber
2159 1369 2264 1403 afflo-

1351 1403 1422 1425 nem
1439 1395 1589 1431 mandati
1605 1412 1718 1436 contra
1733 1404 1922 1447 debitorem,
1937 1410 1993 1450 fiaeb
2007 1424 2075 1458 n.3.
2090 1415 2264 1461 solvende,

1352 1439 1473 1474 liberat
1487 1443 1678 1490 debitorem,
1693 1463 1725 1485 η.
1735 1464 1770 1494 4.
1788 1452 1823 1489 Θ
1841 1458 1896 1500 36.
1913 1458 2115 1509 Liberatque
2135 1465 2263 1511 ipsoju-

1351 1499 1398 1528 re,
1413 1489 1485 1524 eod.
1500 1504 1530 1525 n.
1552 1496 1607 1538 36.

1301 1535 1463 1578 Adjec‘lus
1468 1540 1627 1585 solutioni
1634 1545 1822 1583 litterarum
1841 1551 1973 1594 cambii,
1988 1567 2032 1589 an
2041 1560 2128 1606 poffit
2138 1564 2260 1610 protest

1347 1588 1416 1618 tari
1436 1586 1589 1630 litteras,
1611 1592 1677 1628 ὠς.
1695 1607 1725 1630 n.
1737 1598 1840 1644 6.fi1l>
1855 1612 1885 1633 n.
1902 1615 1933 1649 7.
1952 1614 2005 1648 50.
2024 1605 2157 1656 &seqq.

1298 1631 1464 1675 Adjectus
1469 1637 1627 1682 solutioni
1645 1653 1705 1676 non
1714 1647 1814 1692 potest
1837 1650 1868 1681 in
1885 1650 2012 1692 judicio
2033 1645 2145 1704 iogere
2161 1658 2254 1693 debi-

1345 1690 1445 1716 torem
1453 1684 1486 1729 fi
1496 1685 1645 1729 adjeflus
1665 1689 1797 1727 haberet
1813 1706 1911 1742 penes
1922 1700 2177 1750 sesi-ripmram
2194 1707 2254 1741 de—

1345 1727 1408 1762 biti
1420 1757 1430 1770 ,
1453 1744 1483 1767 n.
1498 1745 1556 1774 4¹·
1580 1738 1695 1773 Etiam
1706 1740 1739 1786 fi
1750 1743 1959 1789 stipulatoris
1975 1752 2116 1791 interfit,
2141 1756 2257 1803 utsol-

1343 1788 1445 1812 vatur
1466 1782 1594 1825 adjecto
1611 1812 1621 1826 ,
1638 1799 1723 1822 num.
1738 1802 1794 1831 42.
1811 1793 1854 1826 Et
1870 1796 2165 1843 etiamstadjefius
2176 1818 2195 1836 a
2220 1817 2254 1838 e-

1339 1837 1391 1860 ret
1405 1836 1629 1874 procuratorio
1642 1840 1766 1871 nomine
1785 1851 1816 1872 n.
1833 1853 1889 1886 43.
1917 1844 1963 1878 Et
1976 1847 2074 1892 quid,
2096 1849 2121 1889 li
2134 1817 2252 1897 proga-

1339 1885 1390 1908 ret
1401 1901 1409 1914 ,
1427 1877 1632 1925 scripturam
1647 1909 1656 1920 ,
1685 1887 1718 1918 in
1735 1899 1799 1933 qua
1815 1889 1858 1934 est
1886 1891 2031 1935 adjeftus
2044 1922 2054 1936 ,
2073 1898 2172 1947 fuiffe
2187 1900 2255 1946 fibi

1339 1921 1359 1956 ὰ
1373 1923 1570 1970 stipulatore
1597 1931 1761 1969 traditum
1776 1961 1785 1975 ,
1812 1949 1895 1971 num.
1916 1953 1974 1983 44.
1999 1944 2034 1979 (τ
2043 1946 2139 1996 ftqq.
2167 1950 2253 1984 Am-

1337 1971 1621 2020 pliatursecundo
1633 2005 1642 2020 ‚
1662 1992 1698 2015 ut
1713 1994 1813 2030 neque
1832 1986 1919 2032 poffit
1934 1993 2107 2038 protestari
2119 1995 2253 2033 litteras

1336 2024 1467 2066 proprio
1490 2028 1632 2069 nomine,
1664 2041 1694 2063 n.
1707 2042 1767 2076 47.
1793 2035 1891 2067 secus
1906 2037 1929 2076 [ἱ
1938 2041 2133 2085 protestetur
2148 2050 2252 2080 nomi-

1337 2079 1376 2100 ne
1387 2068 1594 2119 stipulatoris
1605 2101 1613 2115 ,
1633 2088 1663 2113 n.
1678 2079 1737 2120 48.
1769 2081 1951 2119 Limitatttr
1961 2090 2068 2133 primo
2081 2116 2092 2129 ,
2121 2094 2252 2139 quando

1336 2115 1485 2159 adJeHus
1499 2133 1514 2151 e
1539 2133 1569 2156 et
1582 2127 1683 2159 etiam
1693 2137 1889 2173 procurator
1903 2135 2116 2182 stipulatoris
2129 2167 2138 2181 ,
2171 2146 2250 2189 quia

1333 2175 1416 2199 nunc
1439 2177 1480 2212 po
1503 2180 1533 2202 et
1562 2170 1742 2208 debitorem
1769 2190 1881 2226 cogere
1902 2184 1950 2218 ad
1962 2184 2185 2232 solvendum,
2214 2204 2247 2226 n.

1339 2221 1394 2256 53.
1429 2214 1542 2259 Idem,
1564 2218 1595 2266 fi
1616 2224 1647 2254 ei
1671 2221 1762 2270 effertt
1788 2227 1870 2274 ceffae
1892 2232 2057 2276 astiones,
2082 2236 2156 2280 five
2176 2238 2246 2287 effen

1324 2260 1441 2306 fufius
1459 2276 1653 2311 procurator
1674 2274 1707 2305 in
1725 2284 1794 2306 rem
1803 2281 1972 2322 propriam
1985 2307 1994 2322 ,
2007 2293 2038 2315 n.
2056 2295 2111 2328 54.
2140 2287 2246 2321 Limi·
2282 2288 2287 2318 l

1332 2318 1426 2343 tatur
1429 2312 1597 2359 secundo,
1625 2320 1756 2364 quando
1769 2321 1900 2359 debitor
1915 2329 1948 2361 in
1963 2330 2102 2378 apodiffa
2122 2335 2246 2386 obliga·

1332 2358 1403 2400 vit,
1419 2360 1462 2406 se
1473 2362 1661 2407 soluturum
1674 2370 1852 2417 cuicunque
1874 2374 1971 2409 illam
1985 2378 2186 2426 exhibuerit,
2210 2398 2242 2420 n.

1334 2414 1389 2450 55.
1411 2407 1593 2457 &ftqq·&
1607 2425 1638 2448 n.
1659 2417 1715 2451 60.
1741 2418 1873 2461 Rejetta
1895 2427 2039 2470 opinione
2053 2434 2242 2476 contraria,

1331 2464 1363 2486 n.
1383 2465 1437 2500 59.
1468 2458 1733 2513 Extenditurque
1755 2464 1819 2501 baec
1837 2469 1993 2506 limitatio
2007 2500 2016 2511 .
2043 2479 2168 2520 etiamst
2180 2481 2243 2516 ad-

1326 2503 1431 2544 jeftus
1455 2517 1515 2540 non
1526 2507 1641 2554 probet
1665 2513 1844 2562 apodtffam
1853 2519 1953 2567 suff
1963 2521 2030 2566 fibi
2041 2526 2207 2563 traditam
2222 2530 2244 2565 ὰ

1328 2553 1505 2597 creditore,
1520 2556 1674 2593 n.6o.6t.
1691 2561 1726 2597 ὠ*
1738 2565 1796 2608 65.
1811 2567 1942 2609 Rejefta
1959 2573 2102 2617 opinione
2116 2587 2243 2612 contra-

1327 2601 1381 2633 ria
1393 2626 1403 2641 ,
1417 2613 1450 2635 n.
1469 2605 1525 2638 62.
1541 2606 1576 2641 (⁴7
1590 2607 1686 2655 seqq.
1713 2610 1760 2644 Et
1773 2614 1911 2659 etiamst
1922 2628 1984 2652 non
1993 2618 2039 2664 fit
2058 2625 2242 2661 nominatus

1323 2647 1357 2679 in
1377 2651 1569 2697 scriptura,
1589 2656 1655 2702 sub
1670 2669 1702 2693 n.
1719 2659 1775 2704 65.
1808 2662 1874 2696 Sed
1895 2676 1939 2699 an
1958 2667 2068 2703 adhuc
2091 2670 2242 2709 debeatis

1323 2707 1425 2743 agere
1439 2702 1565 2733 nomine
1581 2709 1829 2750 procuratorio,
1849 2722 1880 2744 n.
1895 2713 1950 2750 66.
1975 2716 2161 2754 Limieamr
2174 2733 2241 2756 ter-

1323 2747 1367 2777 tio
1396 2748 1430 2779 in
1450 2746 1578 2790 adjecto
1591 2751 1749 2797 solutioni
1773 2757 1963 2796 litterarum
1984 2765 2130 2808 cambii,
2159 2772 2238 2816 quia

1322 2793 1352 2824 is
1363 2795 1464 2839 potest
1472 2797 1648 2843 protestari
1659 2825 1670 2842 ,
1696 2803 1732 2839 ὠ
1751 2817 1850 2852 agere
1867 2810 1900 2841 in
1912 2810 2039 2852 judicio
2055 2839 2066 2854 ‚
2086 2814 2152 2853 &c.
2179 2830 2236 2856 nte.

1319 2939 1477 2987 tringitur
1494 2940 1553 2976 boc
1569 2953 1767 2982 eontrarium
1784 2952 1818 2984 in
1836 2952 1960 2988 duobus
1968 2956 2102 3001 casibus,
2117 2964 2150 2996 in
2163 2965 2234 3010 φατ’·

1321 2983 1381 3019 bus
1397 2991 1516 3033 poterit
1530 3001 1641 3039 agere,
1653 3004 1684 3026 n.
1700 3007 1757 3041 75.
1774 2998 1810 3035 ὠ
1823 3003 1879 3045 76.
2227 3052 2231 3055 ,

1270 3031 1414 3074 AdjeHo
1420 3036 1578 3082 solutioni
1600 3041 1694 3075 nulla
1715 3049 1901 3092 acquiritur
1917 3050 2072 3101 obligatio
2087 3082 2098 3097 ,
2125 3058 2160 3094 ῤ’
2175 3062 2232 3106 qm*

1320 3081 1454 3117 dicatur
1469 3084 1629 3128 adjeflus,
1637 3090 1704 3135 sub
1721 3105 1752 3126 n.
1768 3094 1801 3129 8.

1269 3127 1408 3170 Adjeffi
1421 3134 1496 3179 usus
1513 3135 1556 3179 est
1572 3136 1678 3170 valde
1694 3141 1788 3176 utilis
1807 3152 2078 3199 mercaturae,fiaeb
2088 3166 2118 3188 n.
2136 3168 2190 3202 33.

1268 3175 1431 3218 Adjcc‘lus
1438 3180 1482 3223 fit
1493 3193 1555 3228 per
1567 3183 1809 3225 alternativam
1822 3218 1832 3233 ,
1853 3193 1889 3230 ὠ
1905 3206 1964 3230 non
1973 3208 2036 3245 per
2055 3205 2204 3250 copulam
2213 3232 2226 3248 ‚

1306 3225 1371 3270 sub
1392 3239 1422 3262 n.
1437 3240 1491 3273 35.

1266 3272 1430 3314 Adjettus
1434 3277 1603 3322 solutioni,
1619 3294 1657 3315 ne
1663 3283 1795 3330 frustra
1813 3288 1850 3328 lt't
1863 3291 2023 3337 adjettus,
2039 3296 2135 3333 debet
2142 3301 2224 3354 pff

1307 3321 1503 3365 solutionem
1520 3331 1674 3375 recipere,
1689 3343 1721 3365 n.
1737 3345 1791 3378 32·
1807 3339 1839 3372 ὠ
1856 3349 1911 3382 33.

1263 3367 1431 3404 Revocare
1436 3374 1596 3418 solutioni
1607 3377 1781 3422 adjectum,
1788 3386 1852 3430 seu
1863 3397 2120 3438 procuratorem,
2127 3396 2222 3438 am&

1311 3419 1438 3461 quando
1454 3421 1567 3463 liceat,
1583 3435 1613 3456 n.
1624 3437 1681 3472 77.
1698 3430 1732 3464 ὠ*
1738 3431 1833 3478 seqq.

1261 3465 1425 3505 Adjettus
1438 3469 1597 3514 solutioni
1610 3497 1619 3512 ,
1647 3478 1740 3517 cujus
1749 3482 1867 3526 gratia
1884 3484 2053 3531 tetstatur
2074 3492 2108 3524 in
2121 3492 2221 3527 dubio

1307 3511 1473 3554 adjectus.
1499 3528 1530 3550 n.
1543 3530 1598 3564 79.
1618 3520 1653 3556 &³
1668 3523 1724 3557 80.

1259 3558 1420 3604 stipulari
1437 3563 1538 3597 alteri
1551 3579 1642 3600 nemo
1655 3572 1756 3616 potest
1769 3586 1809 3608 ex
1821 3577 1949 3623 regula,
1975 3581 2016 3615 ub
2031 3596 2117 3620 num.
2131 3588 2162 3622 8.
2180 3590 2217 3630 ά

1296 3608 1390 3655 seqq.
1411 3611 1624 3660 Restringitur
1641 3616 1706 3651 hirc
1723 3622 1839 3668 regula
1851 3647 1861 3663 ,
1873 3624 1938 3668 fi‘h
1958 3640 1988 3661 η.
2009 3643 2020 3663 t
2032 3643 2060 3666 1.
2080 3634 2213 3683 &fiqq.

1292 3652 1363 3737 ζιιώι
1375 3667 1410 3738 ἐι.
1426 3668 1560 3755 3.]ἷῖζο
1580 3662 1614 3698 (y
1624 3666 1722 3712 seqq,
1747 3670 2015 3722 Declaraturque
2033 3684 2190 3728 restrzffio
2201 3709 2212 3726 ‚

2102 3778 2205 3812 Nota·

2367 2126 2371 2157 l
