2400 3939
814 195 865 260 §.
903 187 1060 249 V11.
1097 187 1276 250 Gloss'.
1310 186 1388 249 V.

131 282 264 329 eausam
280 280 417 330 quaefieb
431 292 483 317 nni
492 293 523 317 ι.
537 281 572 320 θ
591 285 645 327 13'.
662 279 818 324 dejudie.
836 279 870 313 ἀ
887 277 974 319 hanc
988 280 1064 326 opi-

132 327 269 363 nionem
297 339 416 364 eontra
443 328 566 377 Felyn.
595 329 645 363 uti
668 329 832 363 veriorem
854 352 863 367 ‚
895 328 929 361 ὃ(
960 328 1065 373 magis

132 385 345 411 communem
369 375 505 412 secutus
530 377 601 411 sum
624 380 657 411 in
676 387 743 410 meo
769 375 868 409 irast.
896 374 938 408 de
953 375 1061 418 judie.

132 425 223 468 caus.
239 423 334 458 liba.
353 436 469 460 turoi.
493 437 524 459 n.
545 436 600 470 33.

181 471 414 509 confirmatur
429 472 538 520 primo
558 474 634 507 haec
659 469 887 510 subextensio,
904 469 984 518 quia
1003 472 1061 506 etsi

132 518 303 566 jaidicium
328 530 496 556 remanere
515 519 615 568 possit
641 519 788 555 validum
810 528 929 554 contra
955 529 1031 555 eum
1051 547 1061 561 .

133 566 196 614 qui
216 578 390 613 comparet
409 569 546 604 nornine
559 595 570 610 ,
588 567 687 617 quod
707 566 900 605 nonhabet
914 592 924 607 ,
940 576 980 601 ut
995 578 1059 614 pu-

133 625 179 656 ta,
195 625 315 655 contra
331 626 584 662 procuratorem
596 642 607 657 ‚
626 616 686 664 qui
706 626 774 650 non
792 613 831 649 lit
844 625 1062 662 procurator,

132 663 167 698 ἀ
186 662 231 698 fic
246 674 314 698 non
330 663 492 699 reddatur
509 662 689 700 elusorinm
706 675 719 707 3
737 673 848 699 tamen
868 661 937 697 hoc
952 662 1058 700 modo

130 718 199 746 non
214 710 400 757 imponitur
413 711 488 746 finis
510 711 627 748 litibus
644 737 653 752 ‚
672 710 727 746 sed
747 709 978 757 potius'datur
996 722 1057 746 oc-

95 767 97 769 ·
131 758 219 794 casio
238 758 288 793 liti
317 759 392 794 andi
411 773 418 795 :
436 758 604 795 Praeterea
618 767 687 794 non
699 758 746 793 est
759 758 896 792 omnino
915 768 1056 800 certum,

130 805 271 853 quando
291 771 448 854 fingatur
473 833 483 848 ,
514 807 612 854 quod
642 804 801 842 executio
829 804 984 841 habitura
1017 806 1056 842 sit

131 852 287 888 effectum
309 865 427 890 contra
445 866 698 901 procuratorem
716 881 726 896 ,
750 853 829 901 quia
854 854 981 899 poterit
996 854 1055 888 ha-

128 901 211 936 bere
238 901 356 948 justam
380 903 510 938 causam
536 915 574 939 ut
607 915 674 938 non
703 912 854 938 teneatur
876 926 886 940 ‚
913 902 946 936 δε
974 902 1055 949 quia

130 947 221 985 forte
248 961 316 984 non
341 950 623 986 condemnabitur
647 959 852 997 procurator
868 974 878 990 ,
906 949 963 983 sed
989 949 1053 984 do-

128 998 237 1032 minus
263 1024 273 1039 ,
296 998 388 1033 unde
410 998 577 1045 judicium
603 999 730 1047 poterit
751 997 845 1032 reddi
872 995 1053 1032 elusorium

126 1046 210 1082 Dec.
225 1047 289 1094 stib
307 1046 436 1092 d.n.i3.
455 1047 489 1082 ac.
515 1047 602 1081 idem
625 1047 705 1082 dico
730 1045 774 1081 de
792 1057 858 1086 eo,
874 1044 936 1093 qui
956 1055 1051 1080 com-

125 1104 218 1140 paret
242 1095 377 1128 nomine
404 1094 632 1130 haereditario.

173 1142 405 1178 Confirmatur
418 1142 569 1178 secundo
583 1170 592 1185 ‚
634 1142 685 1178 uia
697 1141 775 1176 alias
795 1141 981 1188 aperiretur
998 1139 1052 1175 via

124 1189 368 1224 collusionibus
394 1191 590 1236 3fiquidem
642 1201 681 1224 ac
713 1190 766 1223 via
793 1187 902 1235 posset
929 1188 1051 1235 aliquis

123 1236 279 1272 affeetare
293 1263 303 1277 ‚
329 1237 360 1272 se
384 1238 597 1272 condemnari
615 1239 667 1272 uti
691 1237 860 1273 haeredem
881 1236 1024 1283 alicujus
1037 1263 1047 1278 ,

122 1295 162 1321 ut
175 1313 185 1327 ,
207 1285 302 1334 quasi
315 1297 374 1333 per
385 1286 580 1321 sementiam
601 1285 727 1333 judicis
742 1285 962 1321 canonizatus
977 1285 1049 1320 hae..

120 1345 172 1368 res
196 1334 284 1369 illius
310 1359 320 1374 ‚
346 1334 450 1379 magis
471 1334 606 1370 intricet
628 1335 720 1368 litem
746 1361 756 1376 ,
785 1334 829 1369 ad
855 1336 927 1379 ejus
955 1359 964 1373 ,
994 1334 1049 1368 vel

121 1382 260 1418 alterius
287 1381 472 1417 instantiam
495 1394 620 1417 moram
648 1408 658 1423 ‚
688 1381 743 1416 vel
769 1381 972 1416 movendam
996 1380 1047 1416 su-

121 1442 182 1477 per
200 1430 256 1464 illa
279 1430 502 1472 haereditate,
525 1442 628 1477 prout
648 1430 704 1464 has
727 1427 903 1464 sententias
927 1429 1048 1464 volun-

119 1478 219 1514 tarias
253 1478 294 1512 ad
340 1478 583 1513 colludendum
618 1476 708 1525 saepe
741 1477 902 1524 suscipere
940 1476 1046 1514 solent

117 1537 322 1561 mercatores
345 1538 354 1561 t
381 1528 415 1562 ὅ(
435 1525 682 1573 consequenter
707 1526 866 1561 fateretur
880 1551 890 1566 ,
918 1523 950 1560 se
973 1525 1045 1561 hae-

115 1575 229 1608 redem
253 1574 295 1609 ad
320 1574 408 1609 suam
434 1574 637 1613 utilitatem7
666 1575 698 1608 in
741 1573 954 1620 raejudicium
975 1573 1045 1608 for-

114 1621 169 1656 san
194 1621 262 1656 veri
292 1621 438 1658 haeredis
461 1649 470 1663 ‚
503 1623 559 1657 cui
593 1621 706 1657 confes
720 1623 790 1656 ioni
822 1622 926 1668 judex
960 1621 1044 1656 stare

114 1682 183 1704 non
207 1671 311 1706 debet
335 1697 344 1713 ‚
374 1679 435 1718 per
459 1681 496 1704 ea
515 1697 526 1712 ,
560 1683 640 1719 quae
663 1670 772 1705 dicam
795 1673 828 1704 in
853 1672 946 1718 seqq.
969 1682 1041 1704 con-

113 1718 308 1760 firmatione.

161 1765 390 1809 Confirmatur
412 1767 515 1802 tertio
531 1794 541 1807 ,
563 1767 643 1813 quia
660 1766 759 1814 quod
782 1766 859 1813 quis
875 1766 913 1801 sit
932 1766 1041 1801 haeres

111 1814 257 1860 alicujus
272 1840 282 1854 ‚
307 1818 325 1863 (
345 1815 412 1850 sive
435 1816 472 1851 fit
494 1815 580 1861 quid
602 1814 678 1852 faeti
694 1842 704 1857 ‚
724 1815 792 1849 five
812 1813 894 1862 quid
919 1815 1039 1861 juris)

110 1861 217 1898 debet
242 1863 391 1909 legitime
405 1890 414 1904 ‚
433 1866 465 1898 &
485 1863 583 1909 plene
607 1863 741 1910 probari
757 1876 769 1907 ;
790 1874 908 1909 nempe
919 1864 953 1897 iri
970 1862 1037 1908 pri-

108 1910 193 1952 mis,
215 1922 387 1945 mortuum
415 1910 482 1945 effe
499 1938 508 1951 ‚
531 1909 598 1946 esse
620 1923 695 1947 eum
710 1938 720 1952 ,
747 1912 848 1957 cujus
874 1911 947 1945 vult
973 1909 1040 1945 effe

106 1957 240 1999 haeres,
268 1961 302 1995 ὅ(
330 1959 528 1994 secundario
557 1959 658 1994 debet
686 1959 813 1994 docere
833 1959 877 1994 de
901 1957 1037 1994 solemni

106 2006 307 2041 testamento
321 2032 330 2047 ‚
354 2007 375 2040 si
395 2007 469 2042 vult
485 2007 593 2042 liaeres
609 2019 650 2043 ex
668 2007 865 2043 testamento
877 2032 887 2047 ‚
906 2007 960 2041 vel
977 2018 1035 2053 per

106 2054 199 2089 duos
217 2053 326 2089 saltem
348 2055 492 2091 idoneos
508 2055 607 2092 testes
620 2055 891 2097 ‚·conc1udentes
904 2081 913 2095 ‚
931 2054 1035 2101 ipsum

107 2099 174 2146 effe
190 2102 428 2149 proximiorem
445 2130 455 2144 ,
473 2103 495 2137 si
510 2112 630 2151 agatur
651 2103 693 2138 de
711 2103 848 2137 haerede
861 2130 870 2143 ‚
891 2104 933 2138 ab
951 2103 1036 2138 inte-

105 2150 194 2185 stato
211 2176 222 2191 ‚
244 2151 278 2185 ὁ(
303 2163 372 2185 non
393 2151 497 2187 statur
515 2150 750 2187 assertionibus
769 2178 778 2193 ‚
803 2151 948 2186 dicentis
962 2178 973 2193 ,
1001 2150 1035 2186 se

107 2197 172 2233 effe
191 2197 361 2233 haeredem
377 2226 387 2241 ,
407 2200 458 2233 vel
475 2200 710 2247 proximiorem
722 2227 732 2241 ‚
747 2210 853 2247 quare
866 2199 927 2252 qui
941 2199 1012 2235 vult
1023 2226 1033 2241 ,

105 2246 156 2282 uti
179 2246 311 2287 haeres,
333 2247 424 2282 adire
446 2247 681 2293 haereditatem
695 2273 703 2288 ,
727 2247 780 2281 vel
803 2247 888 2283 mitti
905 2247 938 2282 in
958 2246 1033 2294 pos-

104 2295 274 2330 senionem
297 2297 487 2334 bonorum,
513 2296 613 2331 debet
636 2295 785 2344 legitime
807 2297 950 2341 probare
964 2322 973 2336 ‚
994 2305 1034 2330 ut

104 2341 202 2388 supra
226 2369 236 2384 ‚
258 2354 342 2389 ergo
372 2355 441 2379 non
458 2342 578 2381 sufficit
601 2370 610 2384 ‚
640 2355 677 2378 ut
708 2342 914 2379 adversarius
938 2370 948 2383 ‚
971 2344 1034 2391 qui

106 2389 189 2426 esset
207 2391 330 2426 unicus
355 2392 465 2431 testis,
488 2393 520 2426 ὃ(
540 2392 677 2439 ipsemet
693 2418 702 2431 ,
719 2391 777 2438 qui
793 2392 867 2426 vult
880 2389 946 2426 effe
959 2391 1032 2427 hae-

105 2452 180 2479 res,
203 2439 342 2481 dicant,
370 2439 476 2486 ipsum
503 2439 570 2474 effe
595 2440 776 2476 haeredem.

153 2487 384 2524 confirmatur
425 2499 522 2524 uario
537 2514 547 2528 ,
563 2488 644 2537 quia
658 2499 722 2522 nec
737 2485 898 2523 consensu
913 2486 1034 2524 utrius-

104 2547 176 2584 que
198 2536 301 2581 partis
321 2500 435 2583 poiecii
459 2536 665 2572 convalidari
680 2535 847 2582 judicium
872 2536 1004 2570 nullum
1019 2562 1031 2577 ‚

107 2582 340 2619 vel'sententia
357 2583 455 2625 nulla,
478 2583 530 2619 uti
553 2584 661 2620 valeat
683 2584 733 2619 uti
754 2583 915 2619 sententia
929 2611 937 2624 ‚
954 2595 1033 2619 curn

107 2631 286 2667 consensus
309 2642 401 2666 meus
421 2632 452 2667 in
478 2632 660 2681 his‚⁴quae
685 2644 752 2669 non
780 2631 971 2678 dependent
992 2643 1032 2666 ex

105 2692 181 2715 mea
211 2679 390 2715 voluntate
414 2704 424 2720 ‚
457 2691 527 2719 non
559 2693 581 2716 ο
608 2692 721 2716 eretur
749 2679 791 2714 ad
817 2679 1032 2715 validandum

104 2728 214 2763 astum
230 2754 240 2768 ‚
257 2725 311 2762 seu
329 2727 519 2765 sententiam
535 2754 546 2770 ,
562 2728 571 2764 i
598 2740 714 2778 eoque
734 2728 813 2763 licet
826 2739 893 2774 ego
909 2727 1005 2762 sciam
1014 2754 1030 2774 ,

103 2786 359 2824 procuratorem
381 2787 536 2823 agentem
560 2788 678 2814 contra
698 2788 751 2813 me
778 2802 787 2817 ,
814 2787 883 2810 non
910 2775 1032 2810 habere

102 2824 297 2860 mandatum
313 2851 322 2864 ‚
345 2825 379 2860 &
397 2836 465 2860 non
484 2837 654 2873 opponam
667 2852 676 2865 .
693 2835 802 2861 tamen
819 2822 950 2871 possum
969 2835 1031 2870 op-

102 2883 231 2918 ponere
254 2872 393 2918 postea‚
417 2874 499 2909 Bar.
526 2877 560 2908 in
580 2875 604 2908 l.
628 2874 705 2909 licet
725 2875 756 2906 in
777 2885 808 2906 2.
829 2872 900 2907 leel.
927 2874 962 2908 C.
988 2872 1030 2906 de

98 2931 227 2966 procur.
249 2922 282 2955 &
300 2920 345 2955 fic
361 2920 539 2957 consensus
552 2948 561 2963 ‚
584 2922 618 2957 dc
637 2920 838 2968 approbatio
860 2919 962 2966 partis
980 2919 1030 2954 ni-

25 2967 36 2998 5
101 2966 146 3001 hil
173 2977 334 3013 operatur
349 2995 360 3008 ,
377 2970 504 3004 Neviz.
525 2969 614 3011 confi.
636 2981 688 3016 ¹7·
705 2980 796 3002 mio.

19 3032 60 3078 ,6
150 3014 233 3050 Non
249 3016 383 3052 obstant
398 3043 408 3057 ‚
429 3027 511 3063 quae
528 3028 567 3052 ex
587 3016 659 3052 aliis
676 3014 776 3051 refert
791 3042 800 3056 ‚
821 3017 855 3052 ἀ
875 3013 1029 3064 sequitur

98 3062 200 3098 Flam.
219 3065 306 3097 Cart.
321 3064 454 3110 dec-32.
471 3065 605 3112 quidam
614 3067 710 3111 petiit
721 3090 730 3103 ,
747 3075 816 3099 n.2.
829 3063 864 3101 ό
879 3066 963 3113 seqq.
977 3063 1028 3099 di-

98 3121 199 3151 cens.
244 3111 316 3146 uod
341 3112 363 3146 fi
382 3113 509 3148 citatus
523 3140 533 3154 ,
553 3112 605 3149 uti
620 3112 727 3147 haeres
741 3136 752 3152 ‚
775 3111 946 3157 comparet
964 3138 973 3154 ,
991 3112 1026 3146 δε

95 3157 200 3194 offert
237 3159 352 3195 olvere
373 3161 418 3196 de
441 3162 540 3195 bonis
557 3158 776 3199 haereditariis
791 3185 801 3200 ,
824 3159 915 3195 astor
941 3161 1026 3195 rele-

96 3218 197 3242 vatur
220 3207 262 3241 ab
280 3220 383 3243 onere
409 3208 598 3254 probandi,
620 3208 711 3242 illum
731 3206 798 3242 else
815 3207 986 3244 haeredem
1011 3233 1022 3250 ‚

97 3265 176 3289 eum
194 3254 257 3289 isle
271 3256 362 3290 aetus
377 3256 559 3291 oblationis
576 3269 645 3294 non
656 3255 754 3302 possit
769 3255 841 3292 fieri
858 3255 941 3291 citra
955 3257 1021 3303 jus,

97 3303 132 3338 δι
153 3314 275 3338 nomen
297 3303 442 3338 haeredis
456 3330 466 3344 ‚
481 3307 516 3341 δι
537 3316 615 3340 cum
638 3303 766 3339 solutio
786 3302 892 3338 debiti
914 3303 1022 3339 haere-

93 3351 206 3391 ditarii
229 3351 411 3387 aditionem
433 3350 585 3388 inducat.

143 3397 239 3444 Quia
258 3399 447 3446 respondeo
460 3424 471 3442 ‚
487 3411 526 3434 ex
545 3400 596 3434 his
611 3399 745 3445 probari
757 3425 768 3442 ‚
786 3398 1020 3436 haereditatern

93 3444 299 3483 effeaditam
319 3475 330 3490 ,
351 3446 408 3483 sed
432 3447 501 3484 hoc
519 3446 677 3495 procedit
701 3474 712 3490 ‚
738 3457 908 3495 quatenus
930 3448 957 3483 is
979 3447 1019 3487 fit

92 3492 202 3529 haeres
228 3520 241 3537 ,
268 3495 411 3543 supponi
437 3496 522 3531 enim
543 3494 667 3531 debent
702 3495 832 3533 termini
862 3495 1016 3534 habiles:

89 3551 199 3624 guare
219 3554 288 3579 non
311 3543 432 3579 sufficit
480 3544 597 3579 robare
620 3542 683 3578 hos
700 3544 794 3580 actus
814 3543 855 3578 ad
875 3545 1018 3590 proban-

118 3600 173 3623 um
189 3589 333 3638 aliquem
360 3591 427 3628 esse
453 3555 642 3632 liaeredem,
659 3591 715 3626 sed
731 3592 817 3626 bene
836 3590 957 3628 sufficit
972 3591 1017 3628 ad

87 3636 300 3685 probandum
313 3664 326 3681 ,
347 3639 585 3677 hereditatem
607 3639 674 3675 esse
686 3639 810 3675 aditam
828 3665 837 3680 ‚
856 3638 1014 3676 dummo-

85 3685 135 3721 do
148 3683 197 3728 ia,
211 3686 271 3736 qui
284 3683 366 3725 feeit
384 3688 449 3725 hos
465 3687 560 3724 εᾶιιε
571 3712 589 3731 ,ν
603 3687 642 3725 sit
665 3687 798 3732 heren
813 3687 849 3723 δε
865 3685 934 3723 hoc
953 3686 1016 3728 de2

26 1791 71 1826 34

1123 279 1182 314 bet
1196 278 1328 325 probari
1342 276 1478 313 aliunde
1498 277 1607 314 :ficut
1623 289 1740 315 verum
1760 278 1819 322 est,
1835 215 2054 329 ηυὸάἒιίυξ,

1123 326 1261 378 egendo
1281 338 1345 373 pro
1364 338 1398 361 re
1421 327 1633 378 liaereditaria
1649 352 1658 366 ,
1688 328 1816 364 dicitur
1833 329 1924 363 adire
1944 330 2052 364 harre-

1121 374 1271 415 ditatem,
1288 374 1342 410 sed
1359 374 1426 409 hoc
1440 374 1610 420 procedit,
1626 375 1810 422 supposito,
1826 377 1924 424 quod
1940 378 1997 411 ille
2010 378 2049 414 fit

1067 435 1071 439 ’
1121 421 1222 462 fliius,
1238 423 1318 471 quia
1339 422 1393 457 ille
1407 422 1510 460 acius,
1531 422 1648 462 filetus,
1662 435 1728 458 non
1748 426 1906 471 probaret
1919 449 1930 466 ,
1954 425 2047 460 illurn

1120 468 1186 504 effe
1199 469 1317 511 filium,
1334 469 1473 518 quando
1492 469 1610 506 filiatio
1628 469 1673 506 est
1693 471 1791 507 aliter
1811 472 1997 522 probanda.

1168 517 1315 561 Declara
1328 518 1412 552 hane
1429 515 1728 561 subextenfionem,
1745 530 1782 555 ut
1799 519 1933 570 judices
1946 519 2043 563 hanc,

1118 575 1220 612 quam
1243 566 1366 600 habent
1382 564 1573 603 facultatem
1596 566 1812 619 perquirendi
1835 578 1989 610 nomina,
2013 570 2047 604 ὃς

1118 612 1378 660 legitimationos
1401 614 1612 660 personarum
1637 624 1734 651 etiam
1763 615 1785 652 si
1803 614 1975 663 litigantes
1997 626 2047 652 in-

1117 671 1169 696 ter
1190 661 1222 696 se
1238 662 1282 697 de
1302 661 1340 696 iis
1365 671 1588 698 convenirent
1604 687 1614 703 ‚
1636 672 1674 699 ut
1706 663 1882 709 plurimum
1896 689 1906 705 ,
1937 663 2044 710 negli-

1113 719 1206 755 gant,
1221 720 1266 744 ne
1285 707 1392 747 forsan
1404 708 1500 744 alteri
1513 708 1715 758 litigantium
1730 709 1762 746 se
1773 710 1941 758 suspestos
1959 713 2038 747 red·

1114 757 1219 799 dant,
1244 758 1278 793 δι
1302 756 1515 807 ςιμιηάοφο
1534 755 1642 793 forsan
1663 758 1709 792 ob
1728 758 1924 806 imperitiam
1939 784 1949 800 ,
1977 769 2038 795 aut

1117 804 1369 850 negligentiam.

1163 852 1381 888 Subextende
1398 862 1534 901 quarto,
1551 860 1589 891 ut
1601 851 1758 901 quamvis
1771 851 1884 896 adeor,
1899 853 2041 891 citando

1111 899 1260 948 aliquem
1288 902 1395 936 alieno
1423 899 1560 937 nomine
1580 923 1592 943 ‚
1615 899 1772 938 videatur
1790 912 1832 949 ap
1858 901 1987 939 robasse
2005 902 2042 939 il-

1111 946 1177 983 lius
1192 948 1364 995 personam
1377 974 1388 989 ,
1403 947 1437 984 &
1453 946 1532 999 ideo
1550 947 1706 986 videatur
1719 974 1730 993 ‚
1746 914 1928 1000 quorsnon
1939 949 2059 996 poffit-

1111 996 1357 1037 contradicere,
1372 998 1404 1034 ὅ(
1419 997 1558 1030 ulterius
1568 995 1776 1043 impugnare.
1790 996 1972 1034 secundum
1987 1009 2040 1044 ea,

1109 1054 1194 1090 quae
1212 1045 1356 1080 scribunt
1372 1044 1496 1090 Caepoll.
1508 1043 1655 1093 caut-78.
1670 1045 1705 1085 (5
1721 1057 1800 1089 ²0³·
1813 1046 1883 1092 Jas
1901 1048 1936 1080 in
1954 1045 1980 1082 l.
1995 1045 2042 1083 de

1103 1093 1397 1140 pupillo.§.servo.
1411 1104 1480 1134 n.4.
1497 1093 1633 1137 conci-3.
1638 1092 1679 1139 ff
1697 1094 1741 1128 de
1753 1105 1826 1128 nov.
1840 1104 1928 1140 oper.
1940 1106 2035 1137 nunc,

1110 1140 1145 1174 ἀ
1166 1142 1294 1175 Nevit..
1309 1138 1461 1187 consi.17.
1476 1141 1585 1187 lepide
1589 1140 1654 1187 sub
1667 1140 1736 1175 n‚8.
1752 1141 1788 1176 δι
1803 1141 1883 1178 ideo
1900 1142 2038 1177 citatio·

1109 1199 1183 1222 nem
1201 1187 1458 1235 concipiendam
1482 1187 1548 1222 eile
1561 1214 1570 1228 ,
1589 1185 1711 1223 asserto
1733 1200 1870 1227 nomine
1883 1214 1892 1231 ,
1921 1190 2006 1225 idest
2021 1209 2044 1233 ,ι’
2077 1198 2086 1207 ²

1107 1235 1246 1271 assertus
1272 1235 1381 1270 lia-res
1396 1260 1405 1276 ‚
1423 1234 1563 1271 assertus
1584 1246 1788 1281 procurator
1802 1263 1812 1280 ,
1834 1239 1869 1273 ὃς
1889 1235 2009 1273 similes
2023 1261 2036 1285 ‚

1104 1283 1217 1319 scribit
1241 1284 1329 1318 idern
1353 1286 1480 1318 Neviz.
1503 1284 1644 1328 ibiznq.
1665 1286 1700 1319 in
1719 1282 1753 1325 fi.

1154 1331 1281 1366 Tamen
1310 1331 1419 1378 potest
1438 1332 1543 1376 judex
1558 1343 1597 1365 ex
1619 1330 1736 1366 officio
1754 1331 1973 1381 perquirere,
1996 1322 2035 1371 ἃ

1104 1379 1278 1422 inhabilem
1301 1379 1482 1426 repellere,
1505 1391 1542 1415 ut
1564 1378 1672 1425 scripsi
1685 1382 1866 1428 sup-²131·

1153 1428 1199 1463 Et
1228 1428 1305 1462 haec
1331 1428 1374 1462 de
1393 1426 1687 1473 illegitimatione,
1715 1426 1772 1462 seu
1799 1428 2032 1475 inhabilitate,

1103 1476 1315 1523 procedente
1326 1501 1336 1514 ,
1357 1487 1397 1509 ex
1411 1473 1546 1510 defeetu
1567 1475 1664 1510 alieni
1683 1476 1827 1513 nominis
1838 1502 1851 1519 ,
1864 1489 1939 1526 quo
1954 1480 2033 1528 quis

1102 1535 1297 1623 coisspeizrltgss
1311 1571 1419 1619 primo
1437 1580 1528 1605 nunc
1545 1569 1685 1622 eandem
1697 1568 1902 1616 illationem,
1919 1584 1960 1611 ut
1977 1573 2029 1610 in.

1100 1617 1278 1661 habilitas,
1304 1619 1493 1667 procedens
1513 1630 1553 1653 ex
1574 1630 1708 1654 nomine
1730 1622 1893 1669 proprio,
1913 1621 1999 1659 idest
2012 1649 2025 1669 ,

1099 1678 1140 1701 ex
1162 1668 1217 1702 sua
1239 1669 1373 1714 propria
1400 1663 1619 1714 persona,'sit
1643 1667 1776 1713 triplex.

1146 1714 1254 1764 Prima
1276 1717 1322 1750 est
1345 1716 1399 1750 illa
1417 1742 1427 1757 ‚
1446 1727 1528 1764 quae
1554 1714 1601 1748 est
1621 1714 1757 1750 inducta
1777 1715 1898 1752 favore
1920 1719 2025 1767 ipfius

1096 1762 1338 1799 inhabililitatis
1352 1791 1362 1805 ‚
1384 1775 1423 1798 ut
1445 1775 1528 1810 puta
1551 1775 1564 1806 ;
1587 1763 1724 1798 minoris
1751 1765 1864 1800 aetatis
1883 1792 1894 1808 ‚
1911 1768 1947 1803 ἃς
1972 1770 2023 1804 lo-

1098 1811 1240 1859 quendo
1262 1813 1307 1846 de
1329 1812 1389 1846 ista
1403 1839 1412 1852 ‚
1435 1810 1611 1847 concludo
1626 1837 1636 1853 ,
1654 1811 1752 1858 quod
1774 1813 1854 1848 haec
1868 1813 2023 1852 inhabili-

1096 1870 1146 1895 tas
1161 1886 1175 1905 ἱ
1191 1870 1258 1894 tam
1275 1860 1412 1906 agendo
1429 1886 1439 1902 ,
1463 1869 1564 1908 quam
1587 1858 1809 1906 excipiendo,
1839 1860 1865 1896 fi
1889 1876 1958 1899 non
1981 1863 2022 1906 fir

1095 1909 1273 1955 oppofiia,
1296 1910 1329 1943 ἀ
1348 1907 1454 1955 judex
1471 1905 1659 1954 procedat,
1681 1909 1840 1953 pendebit
1858 1913 1973 1957 postea
1998 1913 2019 1948 ὲ

1093 1955 1212 1992 futuro
1226 1967 1350 1992 eventu
1365 1984 1375 1998 ,
1395 1968 1469 1993 nam
1483 1982 1493 1996 ‚
1506 1955 1530 1989 ii
1546 1966 1595 1988 res
1609 1956 1767 2002 prospere
1779 1955 1940 1995 succedat
1954 1972 2018 2007 pro

1092 2005 1233 2046 minori,
1250 2004 1419 2051 judicium
1437 2004 1500 2039 erit
1521 2002 1798 2047 validum3secus
1810 2006 1833 2041 si
1845 2018 1913 2042 non
1927 2008 2018 2056 pros-

2087 521 2130 575 37

2085 847 2129 894 38

2070 1584 2116 1623 32

1071 2076 1077 2083 .
1094 2064 1172 2098 pere
1193 2079 1204 2094 ‚
1232 2054 1328 2101 quod
1347 2052 1370 2086 si
1391 2050 1492 2087 suerit
1509 2052 1667 2104 opposita
1681 2077 1691 2094 ,
1709 2053 1743 2088 δι
1767 2054 1987 2099 protestatum
2005 2083 2017 2099 ,

1092 2112 1161 2135 non
1176 2101 1354 2148 proredit,
1374 2101 1430 2135 nisi
1449 2102 1632 2148 legitimata
1649 2099 1788 2146 persona
1802 2128 1811 2143 ‚
1829 2112 1912 2139 tunc
1924 2104 2016 2151 judi-

1092 2148 1183 2183 cium
1206 2149 1269 2184 erit
1292 2150 1416 2184 nullum
1430 2176 1438 2190 ,
1457 2157 1562 2196 prout
1579 2147 1658 2182 haec
1673 2148 1784 2183 omnia
1802 2150 1901 2186 latius
1914 2153 2018 2199 expli·

1092 2196 1168 2232 cavi
1189 2200 1221 2232 in
1238 2210 1305 2241 rgieo
1323 2200 1419 2233 irafi.
1432 2198 1474 2231 de
1486 2196 1591 2240 judic.
1612 2208 1703 2231 caus.
1721 2195 1885 2235 lib.2.c.2.
1900 2211 1931 2234 n.
1937 2201 2016 2246 382.

1090 2245 1126 2282 ὁ·
1138 2247 1232 2293 seqq.
1250 2246 1283 2282 ὠ*
1298 2256 1413 2290 n.405.
1429 2245 1461 2280 ἀ
1480 2245 1562 2288 406.

1139 2293 1298 2329 Secunda
1318 2294 1363 2327 est
1385 2294 1439 2329 illa
1453 2303 1463 2334 ⁴,
1479 2303 1563 2340 quae
1583 2291 1630 2327 est
1653 2291 1789 2329 indutie
1809 2293 1893 2330 odio
1915 2295 2016 2344 ipfius

1089 2341 1305 2377 inhabilitatis
1319 2369 1326 2381 ‚
1344 2354 1381 2377 ut
1397 2353 1479 2388 puta
1493 2367 1503 2381 ‚
1516 2341 1885 2385 excommunicationis,
1901 2345 2013 2389 banni,

1089 2389 1228 2438 perjurii
1244 2416 1253 2430 ,
1276 2391 1309 2424 ὅς
1330 2390 1477 2425 similium
1490 2415 1500 2430 ‚
1516 2390 1550 2423 ὅ(
1564 2388 1742 2436 loquendo
1759 2391 1803 2426 de
1825 2389 1883 2428 issa
1896 2417 1906 2433 ,
1929 2404 2017 2430 con-

1091 2437 1221 2478 cludo,
1247 2437 1342 2486 quod
1368 2435 1533 2484 ejusmodi
1557 2435 1746 2473 inhabilitas
1770 2439 1899 2486 repellit
1919 2441 2016 2478 ιξὶο..

1088 2496 1155 2520 rern
1175 2486 1194 2520 a
1212 2486 1325 2520 limine
1339 2486 1460 2532 judicii
1473 2513 1483 2528 ,
1500 2494 1539 2520 ut
1554 2511 1564 2527 ,
1586 2485 1762 2533 loquendo
1783 2488 1827 2523 de
1842 2489 2015 2535 exceptio-

1088 2545 1131 2568 ne
1157 2534 1326 2580 perjurii,
1348 2536 1415 2569 late
1441 2533 1578 2569 secutus
1608 2532 1677 2567 sum
1701 2536 1734 2568 in
1758 2548 1826 2570 meo
1850 2537 1944 2571 irael.
1972 2539 2015 2572 de

1083 2583 1157 2625 jud.
1171 2595 1260 2617 caus.
1274 2582 1491 2618 lib.2.c.2.n.i
1503 2593 1554 2624 14.
1571 2583 1604 2617 ἀ
1620 2582 1775 2628 loquendo
1795 2584 1837 2618 de
1855 2585 1984 2620 bannito
1999 2613 2011 2630 ,

1077 2632 1247 2677 sapienter
1266 2631 1433 2679 disponunt
1447 2630 1529 2676 stat.
1548 2631 1670 2665 Lucen.
1685 2629 1780 2673 lib-4.
1797 2644 1886 2679 αις.
1908 2632 1945 2671 ό*
1963 2646 2014 2670 re-

1083 2678 1181 2725 pellit
1203 2680 1302 2712 eti'am
1325 2691 1415 2714 reum
1437 2679 1661 2713 voluntarium
1684 2704 1696 2720 ,
1722 2689 1756 2712 ut
1780 2681 1913 2728 pentus
1933 2684 2014 2732 sum

1085 2724 1158 2760 eod.
1177 2738 1243 2761 c-z.
1256 2739 1307 2761 n.i
1338 2740 1371 2769 4.
1389 2725 1521 2771 verfi.1.
1540 2727 1628 2773 quia.

1132 2772 1290 2809 Extende
1327 2786 1404 2809 iane
1426 2774 1676 2810 conclusionem
1702 2801 1712 2816 ‚
1742 2784 1780 2812 ut
1809 2777 1976 2822 procedat
1999 2805 2011 2822 ‚
2050 2784 2097 2816 4¹¹

1084 2819 1184 2856 etiam
1202 2822 1224 2856 si
1242 2833 1317 2857 reus
1337 2835 1403 2857 non
1425 2813 1597 2869 exi-iperet
1618 2822 1662 2858 de
1684 2824 2012 2861 excommunicatio.

1084 2880 1126 2903 ne
1142 2895 1152 2910 ‚
1182 2869 1228 2904 de
1247 2871 1357 2906 banno
1371 2896 1381 2912 ,
1405 2871 1438 2905 dc
1460 2870 1642 2911 similibus,
1662 2881 1744 2918 quae
1765 2870 1909 2906 astorem
1935 2873 2015 2909 red.

1083 2915 1170 2952 dunt
1196 2918 1371 2956 inhabilem
1394 2945 1403 2960 ,
1426 2929 1467 2953 ac
1488 2918 1654 2965 repellunt
1673 2919 1694 2953 a
1719 2918 1831 2954 limine
1851 2919 1971 2967 judicii
1997 2934 2012 2967 3

1081 2965 1162 3013 quia
1185 2965 1298 3002 adhuc
1319 2966 1487 3013 Judicium
1514 2965 1594 3002 eslet
1610 2965 1681 3012 ipso
1704 2967 1780 3013 jure
1797 2967 1946 3011 nullum,
1973 2972 2009 3007 δι

1036 3003 1042 3011 ’
1081 3012 1187 3060 judex
1203 3013 1311 3060 posset
1322 3027 1360 3049 ex
1380 3013 1495 3049 officio
1508 3025 1582 3049 eum
1600 3014 1760 3061 repellere
1771 3040 1781 3054 ,
1801 3015 1835 3052 dc
1849 3026 1926 3051 reus
1939 3027 2008 3054 non

1081 3059 1191 3107 ponet
1207 3063 1280 3109 eJ‘us
1299 3060 1470 3109 personam
1493 3062 1680 3109 approbare
1694 3089 1704 3104 ,
1723 3066 1831 3112 quare
1851 3066 2008 3112 quando-

1081 3119 1221 3157 cunque
1243 3120 1417 3157 appareret
1437 3108 1535 3146 etiam
1556 3109 1632 3157 post
1653 3110 1751 3147 latam
1775 3109 1971 3148 sententiam
1992 3140 2005 3157 ,

1080 3155 1184 3202 ipsum
1207 3157 1303 3193 fuisse
1324 3157 1650 3195 excommunicatum
1671 3183 1681 3201 ,
1713 3157 1769 3194 seu
1794 3159 1967 3195 bannitum
1991 3187 2002 3204 ,

1078 3204 1162 3240 illud
1177 3206 1363 3252 J'udicium‚
1377 3208 1412 3242 δε
1432 3205 1592 3242 sententia
1606 3204 1712 3243 essent
1728 3207 1818 3242 nulla
1833 3219 1841 3242 ε
1857 3207 2010 3257 haecque

1077 3255 1225 3290 extensio
1241 3253 1450 3319 estpotanda
1465 3253 1509 3288 ad
1519 3253 1646 3288 dietum
1669 3255 1830 3291 statutum
1847 3253 2001 3292 Lucenie

1075 3302 1302 3403 maesii-linge
1325 3349 1463 3386 eandem
1479 3323 1729 3397 concursionem
1746 3376 1755 3392 ,
1778 3361 1900 3389 utnon
1920 3364 1999 3401 pro·
2034 3363 2087 3399 4ι·

1073 3397 1174 3434 cedat
1205 3409 1238 3433 iu
1259 3410 1318 3433 reo
1345 3397 1527 3437 necessario
1545 3424 1555 3442 ,
1577 3396 1658 3448 quia'
1688 3400 1823 3451 quaevis
1847 3399 1998 3438 inhabili-

1073 3455 1123 3481 tas
1149 3444 1256 3493 ipsum
1287 3458 1354 3481 non
1386 3446 1562 3494 repellerer
1583 3473 1595 3489 ‚
1632 3445 1773 3483 testibus
1803 3447 1845 3485 iit
1863 3474 1875 3489 ‚
1907 3461 1998 3497 quoe

1044 3518 1046 3521 -
1069 3491 1204 3540 secutus
1219 3493 1288 3530 sum
1308 3493 1340 3529 in
1357 3507 1426 3532 meo
1442 3495 1535 3531 ιναῐὶ.
1555 3494 1597 3530 de
1605 3494 1679 3537 jud·
1699 3506 1790 3531 caus.
1810 3493 1906 3532 tib.2.
1926 3511 1995 3535 ca.

1682 3542 1716 3577 ἀ
1734 3541 1780 3579 ita
1801 3543 1834 3580 in
1855 3544 1994 3581 bannito

1068 3541 1205 3586 nu.x63.
1224 3542 1366 3624 &dfeqip
1386 3553 1420 3578 m
1432 3554 1496 3586 c.9.
1513 3551 1660 3624 mtozt

1289 3602 1297 3624 i
1664 3591 1795 3627 ucenfia
1814 3593 1849 3627 d.
1876 3605 1905 3629 c.
1928 3605 1990 3638 η.

1066 3587 1099 3669 {a
1126 3589 1232 3623 ienzer
1300 3589 1447 3636 sponunt
1479 3589 1603 3633 statuta

1082 3649 1093 3669 ι
1115 3648 1221 3720 iffa-tio
1244 3683 1349 3731 hujm
1366 3683 1579 3726 restrifflonie
1596 3685 1782 3723 seeundum
1797 3687 1989 3780 brige-³⁹33:

1917 3748 1938 3770 a

2051 2283 2172 2338 40v
