2400 3939
276 214 383 268 370

318 287 550 323 confirmatur
568 289 646 325 haec
667 289 786 336 opinio
807 288 1064 337 multipliciter:
1096 288 1230 330 Primo,

264 336 349 383 >quia
380 336 554 384 obligatus
581 337 712 387 aliquid
748 337 858 372 facere
885 364 895 378 ,
932 346 1064 372 tenetur
1085 336 1231 384 propriis

270 384 456 431 sumptibus
484 384 620 422 facere:
652 385 817 421 Secundo
835 412 845 427 ‚
874 385 954 432 quia
981 385 1154 432 obligatus
1167 384 1231 420 sol-

269 442 349 466 vere
372 434 548 478 pecuniam
576 447 616 469 ex
641 434 702 469 suo
724 433 875 474 demo,
908 443 1042 468 tenetur
1065 444 1136 468 eam
1166 433 1232 468 suis

268 481 456 526 sumptibus
478 482 724 518 transmittere:
749 481 881 516 ‘Tertio
897 508 907 523 ‚
935 480 1017 529 quia
1037 481 1174 516 debitor
1192 493 1234 515 ex

269 527 419 570 delieto,
458 530 574 579 sicque
598 531 629 565 in
652 531 736 566 mala
752 529 848 569 fide,
877 528 1003 576 semper
1030 529 1077 564 est
1102 528 1140 563 ἐπ’
1157 541 1232 565 mo·-

267 581 332 620 ra3
363 588 396 611 at
422 577 558 613 debitor
574 578 726 614 morosus
739 605 747 619 ‚
778 578 896 613 volens
912 587 1059 624 purgare
1083 574 1231 618 moram&

270 634 406 660 tenetur
425 625 576 662 debitum
595 627 728 662 mittere
744 625 786 660 ad
807 626 1012 660 creditorem
1027 652 1036 667 ,
1055 619 1185 661 dive—’fit
1199 625 1233 659 in

269 673 392 708 e'odem
416 674 610 716 territorio,
644 675 713 710 sive
729 674 910 709 in¹diverso
926 688 944 715 ‚·
967 675 1030 716 ut,
1051 684 1233 720 argumen-

262 721 376 757 'tando
399 733 520 757 contra
543 721 727 758 usurarium
750 749 760 765 ,
791 716 916 764 refert,
946 718 1003 756 'sed
1027 723 1098 757 non'
1119 721 1232 769 sequi'-

261 776 326 804 'tur
350 774 437 807 Crot.
453 773 485 804 in
499 768 572 820 cap.
586 781 618 818 5.
633 785 704 806 cum
716 771 833 818 'tu‚fieb
845 778 875 805 n.
896 783 951 816 ²3·
971 770 1006 808 (θ’
1017 782 1074 813 ²4·
1089 769 1132 804 de
1142 770 1228 819 usur.

268 820 355 851 inter
368 821 477 866 Repet.
493 830 569 854 tom.
584 831 619 862 4.
622 821 691 868 fol.
707 821 784 865 364.

316 865 476 901 Secunda
501 867 620 914 opinio
640 868 686 903 est
703 895 712 909 ‚
743 866 842 915 quod
866 867 889 901 si
910 867 1062 903 creditor
1076 893 1086 907 ‚
1109 866 1143 902 id
1159 866 1206 902 est
1222 893 1233 910 ,

262 913 296 947 is
319 914 376 948 cui
394 914 565 952 restitutio
585 915 656 951 fieri
673 915 795 958 deber,
816 915 987 952 secesserit
1009 918 1051 950 ab
1074 926 1116 950 eo
1136 915 1232 956 loco,

266 961 302 996 in
325 973 409 1010 quo·
424 973 477 1000 res
502 964 607 1001 debet
627 964 782 1006 restitui,
803 963 984 999 <restitutio
1017 963 1129 999 adhuc
1161 963 1232 999 fieri

267 1009 391 1047 debeat
417 1024 460 1047 eo
483 1013 514 1047 in
537 1013 620 1049 loco
637 1040 646 1055 ‚
676 1013 735 1049 ubi
759 1012 805 1046 est
829 1011 1003 1055 creditor,
1045 1011 1102 1047 c‘ui
1128 1011 1232 1048 debet

267 1058 338 1093 fieri
357 1090 359 1092 .
375 1061 545 1097 restitutio
562 1088 572 1103 ‚
610 1060 666 1096 sed
702 1060 852 1108 expen‘fis
881 1059 982 1106 ipfius
1018 1060 1197 1095 creditoris
1220 1088 1230 1103 ,

267 1107 356 1154 (ilos
375 1111 407 1143 in
422 1110 455 1143 d.
475 1121 614 1145 caucum
633 1120 679 1144 tx.
703 1105 747 1143 'in‘
761 1108 881 1148 verbo',
909 1120 968 1142 non
986 1109 1230 1157 fitpeissitibus.

265 1156 355 1190 Abb.
369 1169 398 1191 n.
414 1169 449 1201 9.
475 1158 510 1194 ό
530 1162 580 1195 Jo.
597 1158 639 1193 de
657 1156 842 1203 Anan.sub
868 1169 899 1191 n.
917 1169 945 1203 3.
961 1157 1111 1205 versicul.
1133 1161 1166 1191 in
1180 1158 1231 1206 gl.

263 1214 323 1238 non
348 1204 577 1252 superstitibus
591 1206 635 1240 de
652 1207 741 1254 usur:
754 1205 1041 1252 ‘quiloquuntur
1057 1205 1101 1239 de
1120 1205 1232 1239 usura-

264 1252 315 1286 rio
330 1279 338 1294 ‚
366 1253 427 1300 qui
448 1255 550 1290 debet
574 1254 748 1290 restituere
763 1253 898 1296 usuras;
927 1253 1084 1301 hancque
1100 1254 1232 1301 opinio-

264 1311 339 1334 nem
365 1301 416 1338 uti
443 1314 657 1338 communem
684 1302 823 1338 videtur
849 1300 986 1338 secutus
1011 1306 1097 1337 Crot.
1124 1314 1155 1337 n.
1177 1315 1231 1349 ²3·

265 1349 409 1397 &mr
637 1400 678 1406 ,,
1067 1352 1148 1406 “,

238 1409 243 1417 ·
314 1397 466 1434 Retenta
491 1400 555 1433 hac
587 1411 749 1447 opinione
762 1426 771 1441 ‚
792 1401 888 1435 Joan.
906 1398 949 1432 de
964 1402 1077 1434 Anan.
1093 1399 1232 1446 ubtsup.

265 1459 304 1481 ex
319 1447 396 1482 Bal.
415 1460 508 1494 quern
523 1451 615 1483 citat.
635 1449 775 1489 limitat,
802 1459 839 1483 ut
857 1459 922 1481 non
945 1448 1064 1482 habeat
1088 1450 1203 1482 locum
1222 1474 1230 1487 ,

265 1495 408 1541 quando
429 1495 597 1531 usurarius
620 1496 781 1543 relinquit
802 1494 932 1544 aliquid
961 1497 1063 1531 certis
1082 1495 1232 1543 personis

262 1552 328 1589 pro
351 1543 567 1579 restitutione
590 1544 762 1579 usurarum
780 1572 790 1586 ,
824 1544 904 1592 quia
928 1554 1012 1579 tunc
1047 1545 1154 1579 hares
1174 1545 1233 1578 de-

264 1592 324 1625 bet
350 1592 483 1626 mittere
514 1592 579 1627 suis
611 1593 756 1640 propriis
785 1591 936 1640 impenlis
960 1592 1160 1628 solutionem
1188 1594 1231 1628 le-

263 1638 336 1685 ³gati
361 1640 402 1674 ad
424 1641 500 1676 illos
522 1641 713 1688 legatarios.

314 1688 432 1723 Tertia
454 1688 573 1737 opinio
597 1689 794 1736 distinguit:
826 1690 901 1725 Aut
919 1688 974 1724 hic
998 1690 1148 1737 creditor
1165 1703 1233 1726 erat

262 1739 331 1771 re'm
351 1737 490 1776 ablatam
509 1764 518 1778 ‚
548 1737 603 1774 seu
626 1738 771 1773 debitam
796 1737 906 1773 secum
929 1750 1127 1784 portaturus
1149 1753 1161 1783 ;
1200 1742 1232 1775 ὅ(

266 1796 349 1820 tunc
376 1785 487 1819 rursus
519 1785 704 1821 videndum
731 1786 776 1821 est
798 1813 807 1827 ,
840 1797 880 1820 an
911 1785 990 1820 effet
1017 1787 1174 1834 expensas
1200 1789 1232 1822 in

264 1833 352 1870 illius
376 1834 422 1867 rei
451 1834 647 1880 portatione
670 1835 843 1877 faCturus3
882 1835 963 1883 qnia
988 1835 1010 1868 si
1034 1847 1103 1871 erat
1127 1836 1235 1870 saeto-

264 1893 321 1917 sus
339 1908 348 1922 ,
377 1881 514 1917 debitor
537 1893 674 1918 tenetur
694 1895 764 1917 eam
790 1882 832 1916 ad
851 1882 1054 1918 creditorem
1085 1885 1234 1927 mittere,

263 1928 322 1965 sed
342 1930 490 1976 expensis
517 1930 619 1976 ipsius
643 1931 847 1975 creditoris3
876 1929 930 1965 sed
956 1943 1033 1966 curn
1063 1933 1130 1968 hoc
1152 1946 1235 1968 tem-

260 1990 483 2026 ›peramen10‚
513 1990 685 2026 quatenus
713 1979 780 2026 ipse
806 1979 944 2014 debitor
976 1982 1083 2027 speret
1113 1993 1234 2027 expen-

263 2028 312 2062 sas
337 2037 538 2074 recuperare
552 2027 679 2075 abipso
705 2028 903 2071 creditore·‚
930 2028 1060 2077 alioqui
1084 2029 1143 2065 nifi
1161 2030 1236 2076 spe-

264 2085 317 2110 ret
338 2087 393 2110 eas
418 2076 461 2110 ab
484 2087 528 2109 eo
556 2087 780 2123 recuperare,
818 2075 895 2110 satis
919 2077 986 2118 est,
1026 2078 1049 2113 fi
1070 2077 1104 2113 in
1124 2079 1204 2114 loco
1224 2106 1233 2120 ,

265 2123 324 2158 ubi
346 2135 413 2158 rem
437 2123 560 2170 injuste
584 2125 720 2172 accepit
735 2153 744 2166 ,
780 2123 918 2159 eandem
948 2125 1102 2162 restituat
1128 2126 1239 2161 credi.

263 2182 343 2208 tore
367 2172 411 2206 de
434 2172 506 2207 hoc
533 2173 681 2209 certiore
707 2173 796 2209 fasta
820 2186 828 2208 ε
867 2174 944 2209 Aut
979 2174 1131 2210 creditor
1164 2186 1236 2211 erat

266 2232 335 2255 rem
351 2216 550 2266 portaturus
570 2222 638 2256 fine
658 2222 807 2269 expenfis
820 2248 828 2262 ,
848 2223 881 2256 ὅ(
900 2220 976 2256 ahbi
1001 2222 1237 2265 distracturus,

266 2270 301 2303 ὃς
325 2279 409 2303 tunc
431 2269 565 2304 debitor
589 2280 724 2306 tenetur
751 2281 818 2303 rem
843 2269 991 2305 debitam
1019 2272 1164 2319 propriis
1184 2284 1239 2306 ex·

264 2316 374 2365 pensis
397 2317 440 2352 ad
463 2317 669 2353 creditorem
695 2319 851 2358 mittere,
883 2320 1017 2354 Medin.
1047 2320 1080 2354 d.
1099 2335 1128 2368 q.
1142 2334 1173 2354 2.
1202 2324 1236 2356 in

265 2365 458 2412 responfione
478 2365 525 2399 ad
547 2369 679 2401 tertium
701 2376 945 2415 argumentum,
977 2371 1063 2417 vers
1078 2369 1111 2417 Ji
1127 2380 1236 2403 autem

265 2413 421 2450 creditor.
436 2415 472 2452 έν
488 2414 599 2461 verfic.
612 2415 642 2458 fi
652 2428 732 2452 rem.
745 2415 806 2451 col.
829 2426 880 2449 12.
889 2414 957 2463 fol.
977 2428 1030 2464 17.

292 2459 471 2497 ‘Tertium
497 2464 678 2498 membrum
707 2463 754 2497 est
772 2489 782 2503 ,
816 2464 957 2511 quando
981 2465 1028 2506 is,
1058 2464 1119 2512 qui
1142 2474 1235 2500 tene-

268 2520 325 2545 tur
349 2510 541 2551 restituere,
570 2510 713 2546 disceffit
732 2511 752 2545 ὲ
772 2511 854 2545 loco
871 2538 881 2552 ‚
921 2513 978 2547 ubi
1002 2511 1155 2548 facienda
1187 2513 1233 2547 est

267 2557 460 2596 restitutio:
494 2559 528 2593 ὃς
553 2559 689 2601 rursus,
718 2559 963 2606 distinguendo
985 2561 1119 2596 eosdem
1146 2562 1235 2597 duos

267 2605 366 2640 casus
382 2633 391 2647 ‚
419 2606 525 2648 dico,
550 2607 648 2655 quod
672 2609 694 2642 st
715 2619 787 2642 erat
814 2607 916 2641 bonae
942 2607 1021 2643 fidei
1046 2609 1233 2656 possessor,

268 2653 428 2690 satisfacit
454 2655 619 2690 solvendo
636 2684 646 2699 ‚
687 2656 743 2691 seu
771 2654 983 2694 restituendo
1007 2657 1039 2691 in
1071 2659 1152 2693 loco
1175 2658 1233 2692 nbi

267 2702 338 2749 ipse
357 2701 496 2738 debitor
511 2704 695 2750 reperitur,
727 2716 791 2739 nec
814 2714 949 2739 tenetur
968 2717 1038 2739 eam
1060 2707 1235 2742 restituere

267 2750 336 2785 suis
361 2751 509 2798 expenfis
522 2777 530 2793 ‚
554 2754 680 2787 Medin.
702 2754 737 2787 d.
753 2768 783 2802 q.
799 2765 829 2785 2.
848 2752 999 2798 verficul.
1017 2755 1066 2788 ad
1082 2756 1120 2788 id
1136 2756 1231 2802 quod.

266 2801 302 2833 in
321 2797 402 2841 fine,
418 2801 479 2836 col.
499 2801 624 2848 12.fol.
644 2813 695 2847 ¹7·
717 2801 739 2834 fi
760 2812 842 2836 vero
857 2810 927 2834 erat
944 2802 1040 2836 malae
1056 2802 1136 2837 fidei
1153 2802 1232 2850 pos—

266 2844 390 2891 sessor,
409 2858 492 2882 tunc
520 2857 654 2884 tenetur
677 2849 743 2883 suis
761 2848 905 2895 propriis
922 2850 1068 2896 expensis
1087 2851 1230 2893 solvere,

268 2894 326 2929 seu
343 2895 511 2931 remittere
532 2896 574 2930 ad
602 2898 830 2937 creditorem,
868 2898 902 2932 ὅ(
924 2908 993 2931 non
1015 2900 1162 2945 expenfis
1181 2899 1231 2947 ip-

268 2943 334 2978 fius
360 2943 538 2979 creditoris
553 2971 563 2985 ,
593 2946 724 2980 Μεάὶνι.
747 2946 782 2979 d.
806 2958 835 2991 q.
855 2957 886 2979 2.
910 2948 942 2978 in
966 2947 1156 2994 responfione
1184 2948 1232 2982 ad

268 2993 403 3026 tertium
428 2993 583 3033 dubium,
598 2995 707 3035 verfic.
721 3006 835 3027 verum
848 2993 950 3027 aliter
966 2996 1027 3028 col.
1049 2997 1231 3044 12.fol.17.

269 3041 305 3074 &
321 3039 386 3079 ita,
415 3040 594 3087 loquendo
616 3042 659 3076 de
680 3042 851 3083 usurario,
881 3042 941 3088 qui
965 3043 1139 3078 restituere
1155 3044 1231 3078 usu-

268 3100 345 3128 ras,
369 3087 516 3123 scribunt
540 3089 628 3124 Abb.
648 3091 728 3124 ind.
747 3104 775 3124 c.
795 3101 826 3136 ς.
851 3102 924 3124 cum
942 3100 988 3124 tu.
1013 3104 1044 3125 n.
1060 3104 1092 3135 9.
1119 3093 1152 3127 (7
1180 3095 1233 3128 Jo.

269 3136 314 3169 de
338 3137 518 3184 Anamficb
535 3150 567 3173 n.
581 3150 611 3184 3.
632 3138 743 3183 verfic.
760 3141 791 3171 in
812 3138 861 3186 gl.
884 3150 942 3171 non
955 3139 1178 3186 superstitibus
1193 3140 1236 3174 de

270 3195 292 3217 11
309 3197 360 3217 ur·

284 3185 458 3274 sQuinta
476 3232 637 3281 inspectio
654 3260 663 3273 ,
688 3233 829 3280 quando
848 3232 1001 3267 debitum
1022 3247 1089 3269 non
1113 3247 1233 3283 proce·

273 3278 325 3314 dit
348 3292 386 3313 ex
409 3280 525 3327 aliquo
548 3282 744 3321 contraflu,
774 3284 831 3315 {eu
851 3281 943 3327 quali
964 3285 1159 3325 contrafiu,
1183 3297 1238 3318 ne·

275 3338 346 3374 que
369 3339 405 3361 ex
425 3328 549 3364 delifto
564 3356 573 3370 ,
601 3330 657 3363 seu
683 3330 777 3377 quasi
801 3329 948 3371 deusto,
987 3329 1041 3364 sed
1067 3332 1172 3367 solum
1195 3345 1234 3366 ex

275 3388 337 3416 en,
364 3376 462 3422 quod
483 3390 532 3411 res
555 3377 599 3411 ess
621 3377 743 3412 altena:
773 3379 806 3411 ὅ(
828 3377 860 3410 in
886 3377 949 3411 hac
968 3377 1168 3425 inspectione
1187 3380 1236 3414 vi-

276 3423 343 3464 de,
369 3434 450 3471 quae
474 3425 580 3471 scripfi
595 3427 664 3473 fitp.
680 3438 709 3459 n.
731 3438 809 3471 230.
826 3428 858 3459 in
880 3436 912 3466 4.
928 3426 1107 3470 confirmat.
1135 3430 1169 3463 ὃ(
1189 3428 1236 3462 [2-

277 3471 324 3504 cit
343 3471 441 3517 quod
459 3471 567 3519 scripsi
580 3473 636 3507 hic
665 3485 746 3521 upra
767 3476 856 3522 vers.
869 3474 997 3519 primis
1017 3477 1112 3524 casus
1132 3477 1166 3514 ἀφ’
1185 3477 1238 3511 hic

276 3518 388 3559 ‘versia
405 3523 533 3553 tertium
557 3534 634 3554 mem
662 3534 745 3555 rum.

326 3566 473 3614 Reliqua
490 3594 499 3606 ,
530 3580 611 3615 quae,
636 3569 805 3615 pertinent
824 3568 866 3603 ad
886 3568 950 3604 loti
965 3573 1240 3616 competentiam,

278 3616 310 3649 ἃ
328 3614 369 3648 ad
398 3613 639 3650 submissionem
666 3616 695 3648 in
725 3615 802 3651 foro
822 3617 956 3659 alieno,
981 3617 1059 3651 vide
1082 3619 1114 3654 in
1141 3623 1243 3663 nostro

274 3663 372 3696 traci.
389 3662 429 3695 de
439 3664 544 3706 judic.
559 3664 646 3709 caus.
660 3664 717 3697 lib.
735 3675 761 3697 ι.
778 3678 850 3713 cap.
871 3676 939 3700 101.
961 3677 992 3700 n.
1008 3677 1064 3710 30.
1089 3670 1191 3716 quaest.
1206 3670 1237 3704 6.

273 3711 308 3753 (εν
331 3720 402 3757 cap.
421 3722 475 3745 22.
498 3723 529 3747 n.
543 3722 576 3755 9.
593 3710 724 3759 (ἥβης.
741 3718 774 3747 (7
794 3725 824 3747 n.
843 3725 896 3752 12.

628 183 978 274 Sigismundi
1017 193 1259 252 Scacciae
1283 190 1480 253 Tracti.
1525 192 1600 254 de
1627 196 1916 273 Commer.

1327 288 1497 326 Absoluta
1520 290 1584 326 hac
1605 291 1741 338 septima
1772 292 1965 341 quaesti'one
1990 293 2034 329 de
2053 294 2136 330 loco
2154 294 2242 331 solu-

1280 337 1407 379 tionis,
1442 349 1601 385 congrue
1626 351 1840 388 quaereretur
1862 341 1906 376 de
1927 342 2084 389 tempore
2105 342 2244 379 solutio·

1281 385 1356 428 nis,
1379 385 1519 433 quando
1537 396 1673 434 tempus
1691 400 1761 423 non
1774 389 1820 423 est
1831 390 2020 437 appofitum
2032 418 2042 432 ,
2063 391 2098 426 δε
2112 391 2247 440 ptaeser-

1280 433 1341 468 tim
1359 434 1382 470 fi
1403 433 1556 470 debitum
1578 435 1615 471 fit
1632 447 1776 473 annuum
1791 464 1800 478 ,
1835 446 1909 472 nun*
1935 438 1994 473 uid
2019 438 2104 475 solvi
2125 439 2250 475 debeat

1280 480 1380 519 initio
1393 507 1402 523 ‚
1435 482 1488 516 vel
1504 482 1537 516 in
1551 481 1618 518 fine
1632 484 1730 529 anni;
1750 484 1826 527 sed,
1852 495 1891 528 ut
1923 486 2099 521 essinemus
2123 487 2166 522 ad
2184 483 2250 522 ‹lif›

1279 528 1451 566 ficultates
1469 530 1904 568 solutionum-cambiorum
1916 560 1925 575 ,
1946 534 2032 570 hanc
2047 535 2252 581 praetermit-

1279 577 1394 621 timus,
1412 577 1642 615 resolvendam
1658 579 1677 614 ὲ
1691 590 1726 615 te
1741 593 1782 616 ex
1798 581 1850 616 his
1861 586 1975 630 „qitae
1992 582 2141 618 scribunt
2152 585 2250 620 Bart.

1280 628 1354 675 Jasl
1373 628 1408 663 &
1420 628 1486 662 alii
1503 628 1578 663 inl.
1593 640 1650 671 42.
1670 630 1728 679 'qui
1741 629 1800 664 hoc
1824 642 1909 665 anno
1917 627 1960 677 ff.
1982 631 2026 665 de
2037 631 2131 676 perh.
2150 631 2255 682 obligo

1282 674 1317 709 &
1331 673 1514 722 ptjaesertim
1524 688 1566 711 ex
1575 670 1670 711 l.·1⁰‘2.
1679 689 1736 712 nee
1739 679 1846 725 semel
1852 678 2005 726 ffi‘qn'an'z
2015 679 2089 715 dies'
2100 679 2164 728 leg.
2173 680 2246 718 ced.

1282 722 1426 766 &eie-5.
1440 733 1476 758 at
1481 723 1513 769 fi
1527 725 1577 758 ita
1591 724 1736 772 stipuler.
1758 726 1793 763 (y
1810 726 1856 760 ibi
1864 727 1916 775 gl.
1932 730 1967 762 in
1981 728 2093 767 verbo,
2111 739 2248 773 annuos.

1281 772 1384 818 Inflit.
1401 772 1444 806 de
1453 771 1546 807 verb.
1563 772 1662 822 oblig.
1681 772 1739 808 ubi
1765 774 1927 816 habetur,
1956 775 2156 811 solvendum
2184 775 2253 812 effe

1281 819 1381 855 initio
1399 819 1494 861 anni,
1522 823 1556 857 δε
1579 820 1638 856 Gl.
1652 821 1774 869 allegat
1792 823 1856 858 hos
1873 822 2005 860 versus:

1329 871 1453 903 Annua
1476 867 1499 907 fi
1515 868 1631 911 debes,
1652 879 1727 904 tunc
1748 874 1903 920 respicies
1923 883 2022 921 capue
2037 876 2134 916 anni,

1331 915 1465 962 Anno'fi
1487 916 1587 951 debes
1598 944 1607 959 ,
1629 919 1662 952 in
1676 917 1741 958 fine
1755 921 1915 955 teneberis
1931 924 2022 955 anni.

1284 967 1317 1001 ὅ(
1333 956 1481 1000 Breviter
1498 964 1587 1000 hanc
1600 965 1833 1003 difficultatem
1849 968 1993 1015 explicat
2008 971 2105 1004 Nav.
2115 971 2148 1003 in
2161 981 2251 1005 man.

1281 1013 1404 1063 confeff.
1423 1024 1496 1061 cap.
1518 1014 1640 1063 17.suh
1655 1026 1687 1050 n.
1703 1025 1716 1049 ι
1721 1017 1781 1061 98.
1802 1018 1890 1065 vers.
1907 1016 2142 1068 fiptuagqlimo
2162 1018 2249 1052 octa·

1281 1075 1334 1099 vo.
1357 1061 1436 1097 vide
1451 1073 1541 1096 eum.

1334 1129 1338 1133 ’
1551 1138 1985 1174 SUMMARIA

1283 1211 1434 1249 Creditor
1449 1214 1623 1248 literarum
1638 1210 1760 1246 cambii
1763 1210 1805 1255 fi,
1818 1211 1991 1246 liberando
2002 1214 2103 1259 situm
2124 1213 2248 1253 debito·

1333 1272 1401 1295 rem
1425 1271 1571 1309 acceptet
1593 1261 1685 1294 alias
1713 1260 1830 1294 literas
1849 1260 1969 1294 cambii
1991 1261 2010 1295 ὰ
2034 1260 2179 1296 debitore
2186 1264 2250 1310 sui

1330 1308 1511 1352 debitoris,
1537 1320 1613 1344 tunc
1634 1307 1762 1342 debitor
1775 1308 1818 1355 est
1837 1308 1998 1343 liberatus
2014 1335 2024 1350 ,
2051 1309 2173 1349 etiamst
2191 1315 2220 1344 is
2234 1336 2245 1351 ,

1331 1360 1383 1391 eui
1406 1359 1509 1392 literae
1519 1357 1690 1406 fizlvendae
1703 1357 1774 1403 sunt
1791 1357 1920 1390 diret‘lae
1933 1355 1952 1395 ,'
1967 1370 2024 1391 eas
2043 1357 2123 1391 nolit
2137 1359 2246 1404 postea

1331 1417 1504 1454 acceptare
1519 1433 1528 1449 ,
1554 1409 1631 1453 quia
1645 1407 1674 1439 is
1687 1430 1696 1445 ‚
1717 1407 1772 1452 qui
1791 1416 1847 1437 cas
1862 1406 1967 1451 fecit,
1996 1407 2127 1439 interim
2153 1406 2246 1440 deco·
2273 1432 2276 1438 r

1332 1456 1440 1495 xerit,
1467 1466 1497 1488 n.
1514 1466 1595 1497 244.
1625 1453 1659 1490 ἐφ’
1674 1454 1748 1500 seq.
1765 1452 1844 1494 248.
1864 1453 1942 1494 284.
1963 1455 2084 1498 junflis
2103 1456 2183 1489 280.
2211 1455 2247 1492 ᾤ’

1322 1504 1416 1549 seqq.
1431 1503 1464 1539 (Y
1481 1515 1562 1549 3¹5·
1589 1502 1716 1546 RejeHa
1738 1504 1880 1548 opinione
1906 1504 2085 1538 contraria.
2116 1515 2148 1536 n.
2165 1504 2244 1546 246.

1333 1550 1366 1584 (9⁶
1390 1563 1470 1599 247.
1502 1553 1686 1588 Limitatur
1706 1553 1813 1596 primo
1834 1549 1899 1584 bac
1930 1550 2100 1592 conclufio,
2135 1560 2169 1583 ut
2188 1563 2249 1586 non

1332 1597 1366 1638 lit
1387 1612 1491 1641 vera,
1518 1598 1647 1647 quando
1664 1599 1789 1633 debitor
1808 1597 1967 1646 delegans
1990 1601 2154 1647 promittit
2175 1612 2247 1634 cre-

1333 1647 1436 1681 ditori
1448 1675 1455 1687 ,
1481 1647 1566 1695 quo'd
1585 1646 1734 1688 curabit,
1760 1656 1794 1680 ut
1810 1648 1857 1687 is,
1880 1650 1970 1689 cujus
1985 1659 2094 1681 nomen
2115 1646 2250 1696 delega—

1332 1697 1553 1743 tur,fhlvat,
1580 1708 1611 1730 n.
1625 1696 1705 1740 298.
1731 1695 2088 1742 Limitatttrsecundo‚
2120 1696 2250 1741 qnando

1333 1744 1492 1793 delegans
1511 1756 1584 1779 erat
1600 1746 1743 1792 conscius
1757 1745 1952 1777 imminentis
1963 1745 2055 1793 sugae
2069 1743 2226 1779 debitoris
2237 1770 2246 1785 ,

1332 1795 1424 1836 cujus
1436 1805 1547 1827 nomen
1562 1792 1731 1841 delegavit
1745 1818 1755 1833 ,
1783 1804 1815 1825 n.
1834 1803 1913 1834 299.

1285 1838 1424 1875 Debitor
1436 1868 1445 1881 ,
1474 1844 1565 1886 cujus
1586 1843 1710 1875 nomine
1728 1850 1891 1874 mercator
1910 1843 2074 1888 promittit
2089 1840 2248 1876 creditori

1322 1889 1459 1933 solvere
1472 1916 1481 1931 ,
1510 1890 1554 1933 est
1568 1889 1730 1923 liberatus
1744 1914 1754 1928 ,
1779 1899 1811 1921 n.
1825 1898 1907 1932 245.

1284 1937 1375 1983 Ceffio
1386 1941 1523 1972 nominis
1538 1937 1696 1971 debitoris
1708 1936 1851 1985 absentis
1863 1936 1964 1982 faHa
1982 1936 2164 1979 creditori,
2185 1950 2247 1974 non

1331 1987 1373 2032 cst
1391 1986 1567 2035 delegatio,
1587 1985 1723 2033 ideoque
1733 1997 1790 2018 nec
1801 1984 2015 2030 novatio,fitb
2028 1997 2144 2029 n.249.
2159 1993 2248 2033 vers.

1329 2037 1455 2081 primus
1473 2037 1578 2082 casus.
1601 2036 1674 2069 Nec
1687 2036 1824 2068 continet
1833 2033 2039 2079 solutionem,
2057 2046 2158 2081 neque
2167 2034 2250 2069 libe.

1333 2085 1505 2124 rationem,
1517 2083 1580 2130 fitb
1591 2092 1624 2117 ‘n.
1638 2095 1653 2115 2
1662 2094 1715 2129 50.
1743 2081 1836 2116 Unde
1852 2092 2017 2116 remanent
2032 2081 2200 2131 obligatio,
2213 2082 2249 2119 ὠ·

1332 2132 1417 2165 afilia
1437 2133 1618 2178 primaeva,
1639 2143 1669 2164 n.
1686 2143 1725 2177 25
1737 2142 1765 2165 ι.
1791 2128 1968 2178 Habetque
1982 2133 2119 2165 tacitam
2133 2131 2248 2165 condi-

1331 2182 1462 2221 tionem,
1479 2189 1513 2213 ut
1521 2179 1553 2225 fi
1567 2179 1768 2225 ceffionarius
1775 2178 2000 2226 solutionem&
2018 2177 2164 2213 debitore
2173 2178 2248 2228 cesw

1331 2229 1478 2275 consequi
1490 2240 1550 2263 non
1562 2229 1718 2275 potuerit,
1733 2224 1856 2261 habeat
1869 2226 2038 2275 regressum
2059 2238 2173 2263 contra
2197 2240 2247 2262 ce-

1333 2276 1478 2318 dentem,
1502 2289 1575 2310 cum
1594 2279 1623 2312 ir
1646 2286 1794 2310 teneatur
1809 2275 1962 2322 proestare
1979 2274 2178 2317 debitorem,
2195 2288 2247 2310 cu-

1330 2327 1385 2368 jus
1404 2328 1516 2358 nomen
1535 2324 1637 2371 ceffit,
1652 2324 1753 2372 fuiffe
1778 2323 1990 2372 locupletem,
2017 2321 2053 2360 ὠ·
2062 2323 2248 2372 fitlvendo,

1332 2385 1362 2406 n.
1381 2373 1504 2418 252.ά1’
1519 2376 1599 2406 262.
1618 2374 1758 2419 Ideoque
1772 2372 1954 2419 periculum
1975 2373 2112 2405 nominis
2124 2371 2251 2406 debito-

1332 2423 1380 2455 ris
1398 2420 1467 2467 ceffi
1483 2432 1628 2455 remanet
1646 2422 1792 2461 cedenti,
1818 2431 1850 2453 n.
1866 2429 1945 2465 253.
1963 2419 2148 2454 Dummodo
2163 2422 2252 2468 peri,

1331 2469 1439 2503 culum
1451 2464 1633 2517 procefferit
1651 2469 1712 2511 fine
1735 2469 1833 2515 culpa
1845 2494 1854 2510 ‚
1876 2467 1912 2505 eb*
1930 2467 2132 2517 negligentia
2146 2467 2249 2514 ceffio-

1331 2520 1438 2559 narii,
1457 2530 1486 2552 n.
1504 2529 1520 2550 2
1531 2529 1583 2564 54.
1614 2519 1657 2551 Et
1670 2517 1808 2565 proinde
1825 2515 2027 2562 ceffionarius
2042 2542 2052 2559 ,
2080 2527 2113 2550 ut
2129 2514 2250 2561 habeat

1332 2566 1500 2614 regn-[lum
1521 2577 1633 2600 contra
1644 2565 1810 2600 cedentem
1822 2590 1831 2606 ,
1859 2564 1954 2598 debet
1974 2565 2091 2600 docere
2108 2564 2151 2598 de
2169 2564 2252 2598 dili-

1327 2617 1441 2663 gemia
1452 2640 1462 2655 ,
1483 2614 1519 2653 ὠ
1533 2628 1561 2649 c.
1574 2628 1605 2649 n.
1622 2625 1701 2661 255.
1715 2612 1852 2661 &seqq.
1868 2615 1901 2647 in
1919 2612 2034 2661 quibus
2046 2612 2116 2648 late
2135 2612 2251 2648 decla-

1333 2673 1431 2696 ratur
1443 2688 1452 2704 ,
1478 2662 1513 2699 ὠ
1525 2675 1557 2701 n.
1579 2665 1657 2706 263.

1282 2710 1374 2756 Ceffio
1396 2714 1533 2745 nominis
1558 2710 1717 2746 debitoris
1738 2709 1841 2758 potest
1848 2708 1931 2754 fieri
1946 2735 1956 2752 ,
1983 2711 2084 2744 etiam
2110 2710 2177 2758 ipso
2197 2708 2255 2743 de-

1330 2759 1432 2793 bitore
1442 2761 1618 2806 prasente,
1633 2758 1668 2796 67
1683 2762 1788 2794 invito
1799 2783 1809 2799 ‚
1828 2758 1864 2795 (ῥ’
1878 2757 1942 2792 haec
1960 2757 2085 2792 dicitur
2101 2758 2187 2806 teffio
2200 2756 2253 2792 ho-

1329 2809 1445 2848 minis,
1465 2819 1495 2840 n.
1508 2819 1586 2854 279.

1280 2855 1402 2889 Cedens
1418 2867 1528 2889 nomen
1542 2857 1603 2905 sui
1614 2854 1773 2891 debitoris
1791 2854 1839 2889 ad
1853 2853 1934 2902 quid
1949 2864 2115 2895 teneatur,
2133 2863 2252 2898 n.252.

1327 2902 1363 2938 <J
1377 2904 1472 2959 seqq·
1506 2954 1512 2960 .

1281 2949 1425 2996 Ceffionts
1437 2951 1626 2999 periculum
1643 2951 1771 2998 quando
1790 2951 1909 3000 [pellet
1929 2952 1977 2986 ad
1992 2950 2159 2988 cedentem
2171 2977 2180 2992 ‚
2211 2951 2248 2988 ά·

1332 3001 1459 3046 quando
1470 3000 1518 3035 ad
1538 3001 1722 3048 cessionem,
1735 3012 1766 3034 n.
1777 3012 1795 3033 2
1805 3011 1819 3044 5
1829 3012 1859 3045 3.
1872 2999 1907 3037 ἐφ’
1918 3002 2005 3048 seqq.
2023 3000 2103 3045 263.
2115 2999 2151 3034 ό*
2163 3000 2233 3034 266

1330 3049 1362 3080 in
1390 3047 1462 3087 fine.

1283 3094 1487 3141 Ceffionarius
1507 3098 1633 3133 dicitur
1647 3106 1838 3142 procurator
1861 3098 1894 3130 in
1919 3111 1987 3133 rem
2010 3098 2197 3145 propriam,
2213 3109 2244 3132 n.

1334 3146 1412 3187 256.
1428 3146 1472 3178 Et
1491 3144 1741 3185 irrevocabilis,
1760 3156 1790 3178 n.
1805 3145 1884 3186 264.

1284 3191 1484 3228 Procurator
1503 3205 1629 3229 tenetur
1646 3193 1832 3238 confitmare
1847 3192 2039 3228 mandatum
2055 3194 2247 3242 susceptum,

1333 3252 1362 3272 n.
1376 3252 1390 3272 2
1399 3252 1452 3285 57.

1285 3289 1481 3324 Procurator
1507 3291 1555 3325 ad
1578 3289 1707 3334 judicia
1733 3298 1857 3324 tenetur
1881 3292 1982 3325 etiam
2006 3289 2048 3324 de
2077 3290 2248 3339 levissima

1335 3337 1433 3382 culpa
1450 3367 1458 3382 ‚
1489 3350 1520 3374 n.
1536 3339 1615 3383 258.
2148 3343 2151 3346 ”

1287 3384 1431 3430 Excuffio
1446 3389 1582 3420 nominis
1598 3385 1755 3420 debitoris
1773 3411 1782 3426 ,
1802 3385 1837 3423 &⁶
1852 3388 1954 3420 etiam
1978 3385 2193 3435 fidejuffcrum
2206 3387 2249 3433 est

1333 3432 1516 3479 nectffaria,
1530 3434 1718 3480 priusquam
1728 3436 1938 3477 cessionarius
1949 3434 2067 3469 habeat
2082 3436 2249 3484 regreffitm

1333 3491 1444 3514 contra
1469 3482 1633 3515 cedentem
1648 3507 1658 3522 ,
1681 3492 1712 3514 n.
1730 3491 1808 3527 259.
1825 3483 1968 3528 Haecque
1984 3484 2127 3530 excussio
2140 3495 2248 3517 exten-

1336 3528 1428 3561 ditur
1441 3531 1541 3563 etiam
1560 3530 1607 3562 ad
1623 3535 1794 3576 personam
1809 3556 1818 3571 ,
1838 3543 1869 3564 n.
1885 3531 1965 3566 260.
1987 3531 2031 3564 Et
2049 3530 2178 3577 qnando
2191 3543 2250 3566 nors

1333 3574 1367 3615 lit
1386 3576 1579 3624 neceffaria,
1605 3588 1635 3609 n.
1658 3577 1736 3612 268.

1288 3622 1412 3656 Cedens
1441 3625 1602 3672 transfert
1627 3624 1844 3671 pqffestionem
1875 3626 2012 3659 nominis
2037 3624 2197 3662 debitoris
2220 3630 2252 3662 in

1337 3671 1571 3716 cessionarium
1587 3696 1596 3711 ,
1621 3684 1652 3704 n.
1667 3675 1747 3717 263.

1289 3719 1395 3763 Cestio
1416 3719 1551 3752 afiionir
1567 3721 1599 3752 in
1620 3719 1843 3766 corporalibus
1859 3718 1955 3755 habet
1969 3723 2039 3756 vim
2054 3720 2256 3761 traditionis„

2184 3783 2249 3816 qlsae
