2400 3939
759 141 1330 216 §.111.G10ff.111.

108 239 177 283 §.n
194 233 279 269 idest
293 261 301 276 ‚
310 233 379 282 posi
388 231 612 279 prefationem
627 258 637 274 ‚
646 233 712 279 fieb
729 245 823 269 n-n.
840 237 927 281 vers.
940 234 1000 280 sed
1014 235 1068 268 ho-

96 283 224 329 fliensts
235 307 245 322 ‚
263 285 295 316 in
313 281 347 322 fl.
364 281 406 316 de
425 281 512 326 uficr.
534 283 618 314 inter
633 280 730 315 trafl.
746 281 872 327 divers.
888 283 1068 328 tom-7.fol.

115 335 192 377 136.
211 330 246 366 ῤ’
261 327 488 363 Βοηίηωναὸὶ.
505 327 546 362 de
557 328 688 362 montib.
700 329 812 374 cap.8.
827 328 884 372 sub
893 340 1018 363 numa,
1034 329 1070 365 (θ’

100 382 194 426 seqq.
213 387 315 424 quem
333 373 435 410 citavi
456 374 555 409 etiam
569 376 678 423 supra
695 377 764 420 §.n
780 387 952 421 num.450.
968 376 1069 410 hanc-

109 438 181 475 que
200 423 458 460 declarationem
470 449 480 461 ,
494 421 604 458 citatis
620 423 815 457 austoribus
828 448 838 462 ‚
857 424 917 470 qui
933 435 1004 458 earn
1019 434 1068 459 te-

110 484 191 509 nent
204 498 215 514 ‚
234 472 301 506 lare
317 471 436 517 probat
453 470 677 517 Leonar.Leff.
696 471 738 504 de
747 471 821 515 just.
838 472 872 507 (5
887 474 954 513 jur.
972 471 1067 508 liba.

110 530 243 568 cap.25.
261 531 346 554 num.
365 531 420 564 ²3·
441 518 580 565 &fiqq-
604 530 682 552 cum
701 518 765 553 hac
787 517 902 552 eadem
924 518 1070 553 declara-

109 569 208 604 tione
231 593 240 608 ‚
266 565 435 613 praemiffis
455 576 605 613 quatuor
634 565 743 601 modis
762 565 864 600 dandi
892 567 1069 612 pecuniam

110 615 152 651 ad
173 615 318 663 aliquam
341 614 455 650 utilem
475 613 740 660 negotiationem
754 641 764 655 ,
787 624 865 648 curn
887 614 1006 660 pasto,
1031 625 1071 650 ut

110 664 254 710 capitale
275 662 312 698 sit
333 662 458 708 semper
485 661 609 696 salvum
627 688 637 703 ‚
659 664 694 698 δι
716 661 814 710 quod
833 672 1012 708 propterea
1026 662 1071 697 de

110 712 209 750 lucro
230 709 405 746 societatis
429 708 625 744 detrahatur
649 720 778 745 tantum
805 735 815 750 ,
847 710 945 756 quod
978 710 1070 745 licite

110 760 193 795 dans
207 758 384 806 pecuniam
396 784 406 798 ‚
421 757 552 804 alioqui
568 758 721 805 accipere
733 757 915 804 potuisset,
930 759 964 793 ὅ(
978 758 1070 793 aliud

109 807 212 842 detur
239 805 420 852 accipienti
447 807 621 851 pecuniam
649 817 711 851 pro
731 804 881 852 capitalis
905 804 1071 841 assecura-

111 855 206 891 tione
220 881 230 896 ,
250 853 417 889 consentit
438 854 471 888 in
493 851 615 888 effestu
630 855 716 889 Lud.
731 854 850 889 Molin.
866 853 908 887 de
915 854 1070 899 justam.

106 915 144 938 2.
169 903 211 936 de
227 905 382 937 contrusi.
400 901 520 948 disput.
535 914 579 950 4¹
589 913 620 948 7.
643 902 755 946 versic.
776 912 811 935 ut
829 902 908 947 quid
925 902 968 935 de
985 901 1046 936 hac
1060 927 1070 942 ,

66 991 71 995 ι
111 951 146 988 ὠ*
165 950 278 1002 ιἐνῐὶς.
299 951 388 997 seqq.
414 949 525 992 jnnfi‘o
552 949 902 997 initiabant-disput.
927 949 960 983 ὅ(
985 951 1071 984 lianc

0 1712 70 1770 ²³⁷

109 998 373 1033 declarationem
400 1007 509 1041 nuper
525 997 544 1032 a
558 997 749 1034 doffiffimis
766 998 844 1033 viris
865 994 990 1044 absque
1004 997 1070 1032 ulla

109 1045 313 1082 difficultate
329 1042 426 1080 suisse
438 1044 565 1081 Romae
578 1047 796 1092 approbatam
808 1072 817 1086 ‚
835 1046 868 1079 &
887 1044 996 1090 paffim
1013 1056 1071 1092 per

109 1093 242 1133 Italiam
266 1089 332 1128 esse
360 1093 394 1127 in
423 1091 484 1128 usu
511 1118 521 1133 ‚
554 1093 588 1128 ὅ(
611 1106 650 1128 ex
674 1092 826 1129 formulis
852 1104 1074 1128 mercatorum

109 1141 265 1178 constare
282 1168 292 1182 ‚
317 1141 350 1175 ὅς
370 1140 521 1186 denique
539 1140 559 1175 a
577 1141 728 1187 plurimis
745 1141 847 1176 sacra:
864 1138 1074 1189 Theologiae

109 1189 356 1238 professoribus
386 1189 611 1224 celeberrimis
643 1190 781 1226 eandem
814 1189 884 1224 hoc
921 1200 1074 1234 ternpore

109 1249 170 1285 per
184 1237 318 1272 Italiam
335 1263 346 1279 ,
372 1235 566 1283 Hispaniam
583 1263 592 1278 ,
616 1237 828 1272 Germaniam
843 1263 854 1278 ‚
880 1237 913 1271 ὅς
931 1238 1073 1272 Galliam

106 1285 235 1333 absque
255 1285 321 1320 ulla
346 1283 562 1327 dubitatione
586 1286 692 1327 tradi,
717 1286 858 1321 testatur
878 1285 967 1318 idem
993 1285 1071 1332 Leffi

108 1334 259 1379 d.nu.23.
283 1337 318 1368 in
330 1331 370 1377 fi.
387 1333 421 1366 δε
438 1344 507 1367 eam
527 1331 656 1368 servant
671 1360 680 1375 ,
708 1333 797 1379 saepe
820 1332 1016 1367 Genuenses
1039 1345 1072 1366 in

106 1381 345 1429 negotiatione
362 1380 581 1427 pecuniarum
605 1381 702 1428 super
727 1382 884 1422 cambiis,
913 1392 950 1415 ut
978 1390 1074 1427 patet

109 1440 150 1465 ex
171 1427 315 1466 formula
332 1427 556 1475 syngraphae‚
577 1441 678 1476 quem
697 1429 796 1463 retuli
809 1430 1026 1477 fi‘P·‘I¹‘aest·5·
1043 1441 1075 1463 n.

113 1489 168 1522 ις.
190 1478 257 1512 imo
291 1476 454 1523 eJusmodi
481 1478 692 1512 contrastum
717 1477 759 1511 ad
785 1478 946 1511 rationem
975 1477 1075 1524 quin-

136 1536 200 1568 ue,
217 1525 269 1560 vel
285 1525 336 1559 sex
353 1537 416 1570 pro
433 1526 649 1567 centenario,
661 1536 699 1560 ut
720 1525 752 1558 in
771 1525 857 1560 dista
874 1524 1072 1574 syngrapha,

107 1536 238 1609 pervant
255 1585 295 1608 ex
309 1572 447 1608 confilio
469 1572 670 1615 Jesiiitarum
690 1572 778 1608 illius
793 1574 940 1609 civitatis
953 1600 963 1613 ‚
981 1574 1014 1607 t&
1030 1573 1076 1606 ibi

108 1620 206 1668 supra
228 1622 284 1657 tali
307 1620 482 1656 contrastu
507 1632 570 1654 nec
594 1622 728 1668 judices
743 1647 752 1663 ,
777 1634 839 1657 nec
859 1620 914 1655 alii
933 1621 1075 1668 scrupu-

108 1669 177 1704 lum
210 1669 350 1704 faciunt.

157 1718 236 1753 Nec
256 1717 338 1753 huic
361 1716 523 1751 secundae
549 1716 769 1751 declarationi
799 1717 910 1752 obstat
934 1720 1018 1751 Sixti
1035 1718 1073 1751 V.

107 1767 285 1812 constitutio
316 1767 467 1812 insipien.
497 1765 703 1809 detestabilir
731 1792 740 1807 ,
768 1766 868 1801 citata
885 1767 994 1812 supra
1007 1765 1074 1812 sub

105 1827 191 1849 num.
208 1826 238 1859 3.
255 1825 336 1861 quae
352 1812 486 1848 damnat
511 1813 706 1847 societatem
721 1840 730 1855 ,
753 1826 795 1848 eo
815 1814 914 1860 paflo
938 1813 1050 1848 initam
1063 1839 1073 1854 ‚

106 1873 147 1898 ut
168 1862 313 1908 capitale
329 1888 337 1901 ‚
353 1862 387 1895 &
403 1871 493 1895 certa
514 1872 588 1906 pars
607 1862 691 1895 lucri
708 1874 747 1896 ex
768 1863 893 1909 cipitali
917 1862 977 1895 sint
993 1862 1074 1895 sem-

105 1922 166 1958 per
185 1909 296 1951 salva,
321 1920 425 1956 prout
450 1910 589 1943 eandem
613 1909 891 1945 constitutionem
916 1910 999 1944 citat
1021 1911 1072 1946 Jo.

106 1962 218 1994 Azor.
243 1958 285 1992 de
314 1959 412 2002 instit.
448 1958 564 1991 moral.
592 1968 681 2004 part.
713 1972 743 2003 3,
775 1960 833 1993 lib.
861 1971 925 1992 ¹10.
954 1960 1005 1994 tir.
1034 1958 1076 1991 de

104 2006 216 2048 cenfib.
229 2016 299 2053 cap.
321 2017 375 2039 ιι.
394 2004 504 2044 verfic.
522 2005 668 2052 secundo
693 2009 843 2052 qua-riiur
858 2032 868 2047 ,
887 2007 925 2041 il.
944 2019 974 2040 ι.
993 2016 1075 2053 quae

105 2053 171 2089 fuit
200 2054 343 2101 allegata
361 2080 371 2094 ‚
400 2054 434 2087 &
454 2051 590 2086 admissa
613 2053 646 2087 in
671 2053 763 2089 Rota
780 2081 789 2093 ,
814 2055 954 2101 quando
983 2054 1075 2089 loca-

105 2113 219 2138 rentur
238 2102 388 2136 animalia
403 2128 412 2141 ‚
441 2112 519 2134 cum
547 2102 645 2147 pasto
661 2128 671 2143 ,
697 2103 796 2149 quod
820 2101 924 2137 essent
945 2102 1069 2148 semper

106 2149 214 2191 salva,
246 2154 318 2186 Rot.
340 2150 466 2195 divers]
486 2149 586 2194 decis.
605 2163 684 2191 2²7·
700 2153 771 2198 fuit
796 2162 890 2185 extra
905 2151 968 2197 sub
986 2163 1072 2184 num.

106 2199 140 2233 8.
157 2211 190 2242 9.
214 2199 249 2236 (ἐκ
279 2210 331 2234 10.
358 2201 391 2231 in
410 2201 500 2233 Rom.
521 2200 678 2245 ificrariae
703 2202 888 2245 pravitatis
903 2226 912 2240 ‚
934 2210 1008 2232 ven.
1039 2210 1072 2239 4.

105 2248 193 2285 Julii
219 2257 319 2292 1597.
343 2258 453 2280 coram
473 2247 512 2279 R.
533 2247 569 2279 P.
591 2248 638 2282 D.
663 2248 834 2296 Peregrina
859 2250 892 2280 in
922 2247 1074 2293 impreffis

105 2294 265 2342 Lugduni
291 2296 388 2328 1612.

155 2342 250 2386 Quia
274 2342 331 2377 etii
356 2345 408 2378 Jo.
431 2346 539 2378 Azor.
565 2342 742 2389 ubifitpra
767 2342 925 2377 videatur
951 2342 1072 2378 admit-

103 2401 175 2426 tere
199 2390 285 2425 illius
306 2390 561 2424 constitutionis
586 2392 811 2437 objectionem
839 2417 848 2432 ,
872 2391 905 2427 ὠ
928 2393 1067 2425 Leormr.

30 2468 48 2484 ,ι
104 2439 186 2486 Leff
207 2440 241 2474 d.
259 2449 393 2484 cap.25.
407 2439 471 2486 suh
487 2451 573 2473 num.
592 2451 645 2484 33.
659 2440 772 2484 versic.
789 2451 846 2473 nec
865 2438 966 2472 obliat
990 2440 1073 2485 quod

43 2489 47 2495 “
102 2491 217 2523 sixtus
233 2514 242 2529 ,
269 2487 303 2524 (ρ’
331 2489 417 2528 vers.
435 2488 508 2533 seq.
539 2485 581 2520 ad
607 2499 676 2520 eam
702 2487 871 2538 postremo
896 2485 1073 2533 conf:giat

106 2534 308 2570 solutionem
327 2561 337 2575 ‚
371 2534 469 2582 quod
497 2534 549 2567 illa
575 2534 779 2569 constitutio
800 2547 866 2569 non
885 2535 922 2570 fit
947 2535 1007 2568 usu
1026 2547 1073 2569 re-

108 2594 233 2629 cepta,
262 2583 443 2629 praesertim
465 2582 498 2615 in
524 2582 648 2628 Belgio
666 2609 676 2623 ,
698 2582 794 2630 quod
822 2583 919 2619 etiam
945 2586 977 2616 in
995 2595 1074 2618 ver-

99 2631 274 2675 stc.fimili
298 2631 390 2665 modo
407 2657 414 2671 ,
444 2631 478 2666 &³
507 2630 618 2675 versic.
645 2631 732 2665 idem
761 2631 832 2666 alia
849 2657 859 2671 ‚
888 2631 1000 2666 scribit
1031 2631 1074 2666 de

109 2678 410 2714 constitutionibus
440 2677 490 2712 Pii
517 2679 561 2712 V.
591 2678 688 2725 supra
712 2679 861 2713 censibus
887 2706 895 2719 ‚
928 2680 960 2713 &
989 2691 1074 2713 cam-

107 2727 194 2766 biis,
218 2739 286 2773 ego
309 2736 417 2760 tarsen
433 2752 443 2767 ‚
467 2726 696 2772 objectionem
721 2738 809 2762 eVita
827 2727 882 2761 1d0
900 2754 910 2767 ‚
933 2727 965 2761 ὃς
993 2739 1074 2761 con-

107 2773 296 2826 stitutionis
334 2773 426 2810 usum
456 2774 669 2815 admittendo
693 2803 703 2818 ‚
742 2775 932 2822 respondeo
963 2775 1075 2822 dupli-

107 2833 204 2860 citer.

157 2870 271 2906 Primo
294 2870 482 2917 respondeo
496 2897 505 2912 ‚
522 2871 620 2918 quod
642 2871 694 2906 illa
709 2870 909 2907 constitutio
925 2882 992 2905 non
1011 2872 1074 2907 tol-

109 2919 149 2954 lit
175 2919 260 2954 hanc
288 2919 549 2955 declarationem
571 2946 582 2960 ,
604 2920 684 2967 quia
713 2920 767 2953 illa
799 2918 1003 2953 constitutio
1026 2920 1074 2955 est

102 2966 243 3008 similis,
269 2980 343 3015 cap.
362 2970 564 3015 naviganti,
591 2969 632 3001 de
659 2970 745 3012 usur.
774 2967 807 3000 δε
835 2966 914 3001 ideo
938 2966 1071 3002 similem

108 3015 211 3049 debet
233 3017 383 3062 recipere
407 3015 716 3061 inerpretationem
744 3026 886 3060 nempe,
916 3024 956 3048 ut
987 3014 1072 3051 sicut

105 3073 284 3098 mutuator
306 3076 374 3098 non
397 3063 507 3110 potest
529 3062 561 3097 in
586 3063 761 3099 contrastu
784 3062 894 3097 mutui
918 3062 1070 3109 obligare

106 3111 344 3147 mutuatarium
375 3111 418 3146 ad
452 3109 645 3145 faciendum
671 3111 700 3145 se
723 3109 900 3147 assecurari
930 3112 971 3144 ab
996 3111 1071 3158 ipso

104 3169 302 3194 mutuatore
320 3185 329 3198 ,
356 3159 437 3206 quia
461 3158 514 3193 illa
539 3160 706 3205 obligatio
730 3158 778 3192 est
798 3158 908 3205 pretio
933 3158 1070 3194 aestima-

78 3240 80 3243 ,
104 3207 181 3242 bilis
197 3233 206 3247 ‚
224 3207 378 3255 ideoque
401 3218 584 3253 augeretur
607 3207 676 3242 sors
699 3217 852 3241 mutuata
867 3232 877 3245 .
901 3206 950 3241 ita
970 3206 1070 3242 etiam

128 3266 233 3290 onens
256 3256 432 3302 pecuniam
446 3256 478 3288 in
497 3254 662 3291 societate
677 3281 687 3296 ,
712 3267 780 3289 non
801 3253 901 3300 poffit
917 3255 1072 3301 obligare

100 3266 233 3338 focium
260 3305 321 3351 qui
345 3313 417 3338 eam
439 3302 565 3348 accipit
591 3329 602 3344 ‚
633 3303 676 3339 ad
702 3301 953 3338 asse-curandum
977 3304 1072 3350 capi-

99 3351 168 3385 tale
184 3378 194 3391 ,
210 3349 291 3398 quia
315 3351 369 3386 illa
394 3349 562 3397 obligatio
586 3350 634 3385 est
658 3351 770 3397 pretio
785 3349 989 3386 aestimabilis
1007 3376 1016 3391 ,
1033 3351 1069 3387 8(

98 3397 347 3447 consequenter
371 3410 414 3434 ex
437 3408 477 3432 ea
502 3398 715 3444 obligatione
743 3396 880 3433 resultat
903 3398 1068 3443 injustitia

97 3445 270 3482 societatis
282 3474 291 3486 ,
307 3447 343 3483 ὃς
357 3447 399 3481 ab
419 3445 483 3481 hac
508 3443 721 3492 responsione
741 3457 810 3482 non
823 3444 970 3482 discedit
986 3447 1066 3495 Leff.

85 3493 154 3541 sub
175 3495 247 3529 eod.
266 3506 414 3540 num.33.
438 3494 525 3538 vers.
550 3499 656 3540 primo
677 3521 687 3535 ‚
720 3498 797 3541 quia
811 3520 821 3535 ‚
845 3493 940 3529 secus
957 3505 1065 3541 quan-

97 3540 147 3576 do
171 3542 225 3576 illa
249 3541 450 3579 assecuratio
479 3551 548 3576 non
576 3540 617 3579 fit
647 3553 689 3579 ex
719 3541 833 3590 aliqua
855 3542 1066 3586 abligatione

90 3589 301 3635 praecedenti
330 3616 342 3634 ,
369 3590 425 3627 sed
452 3589 571 3640 sponte
591 3616 602 3633 ‚
637 3591 719 3641 quia
754 3601 838 3628 tunc
873 3587 980 3626 ceisat
1010 3589 1067 3626 illa

56 3687 58 3689 Ι
96 3636 312 3675 constitutio.

1168 233 1332 269 Secundo
1354 231 1568 280 respondeo,
1591 234 1690 283 quod
1708 234 1794 272 Sixti
1815 236 1859 273 V.
1879 239 2084 276 constitutio

1121 281 1290 317 damnavit
1305 279 1484 317 societates
1499 309 1508 323 ‚
1529 283 1561 315 in
1582 283 1707 331 quibus
1727 295 1814 318 unus
1828 286 1940 321 socius
1954 286 2085 322 assecu-

1121 339 1172 365 rat
1192 329 1335 375 capitale
1355 330 1515 372 alterius,
1541 343 1608 365 non
1633 330 1745 366 soluto
1771 332 1826 367 sibi
1852 335 1962 379 pretio
1991 334 2081 378 iusto

1121 377 1392 419 assecurationis,
1418 380 1498 425 quia
1525 388 1608 413 tunc
1628 378 1768 414 societas
1783 381 1830 414 est
1847 382 2014 417 manifeste
2030 385 2083 418 in-

1121 425 1207 471 justa
1224 451 1234 464 ,
1255 425 1291 459 δε
1307 425 1432 472 iniqua.

1172 472 1252 506 Nec
1271 472 1352 506 huic
1376 472 1534 508 secundae
1553 472 1754 520 responsioni
1777 473 1886 510 obstat
1907 501 1916 515 ‚
1944 475 1967 510 si
1989 475 2083 513 dica-

1125 530 1182 556 tur
1201 546 1211 560 ‚
1237 520 1323 554 illam
1348 520 1623 557 constitutionem
1650 523 1718 557 hoc
1742 524 1848 559 inodo
1883 524 2084 560 inteileetam

1125 568 1192 602 esse
1217 567 1415 613 superfluam
1440 595 1450 609 ‚
1485 568 1542 602 seu
1568 571 1868 617 interpretatricem
1902 571 1996 606 casus
2023 574 2086 612 rni-,

1125 627 1187 650 nus
1214 615 1311 650 dubii
1339 629 1346 651 :
1373 616 1453 662 quia
1478 616 1559 651 huic
1594 619 1779 665 obJet‘boni
1811 619 1998 665 respondeo
2023 618 2084 654 tri·

1124 664 1267 710 pliciter.
1299 663 1411 698 Primo
1446 665 1632 710 respondeo
1654 692 1663 706 ‚
1693 666 1791 714 quod
1811 693 1821 709 ‚
1862 677 1941 702 cum
1975 667 2085 702 homi-

1124 723 1202 746 num
1221 712 1358 745 avaritia
1383 722 1426 745 eo
1451 711 1556 758 usque
1580 712 1736 759 serpfiiTet
1753 741 1762 755 ,
1785 725 1825 751 ut
1848 714 1973 760 justitia
1990 712 2086 765 quast

1123 760 1286 806 prostrata
1304 784 1314 799 ‚
1344 760 1377 793 &
1400 759 1534 807 legibus
1557 762 1662 796 abusu
1687 761 1757 797 fere
1780 763 1914 800 abolitis
1936 790 1947 805 ,
1975 764 2085 797 socie-

1124 818 1210 842 tates
1236 807 1270 840 in
1297 818 1400 852 grave
1430 818 1613 853 pauperum
1637 809 1805 846 sociorum
1832 812 1987 847 damnum
2007 809 2086 846 co'i-

1123 865 1197 890 rent
1219 854 1314 889 nimis
1337 855 1522 902 inaequales
1542 881 1554 896 ‚
1575 857 1777 893 constitutio
1800 871 1869 893 non
1893 859 2084 905 superflue,

1123 902 1180 936 sed
1206 902 1387 937 necessario
1410 915 1464 938 eas
1481 929 1491 945 ‚
1517 909 1688 941 renovatis
1713 905 1807 954 quafi
1832 907 1964 952 legibus
1985 933 1996 949 ‚
2026 906 2087 941 fir-

1123 962 1209 985 mius
1242 951 1276 984 &
1309 951 1456 997 apertius
1485 951 1655 989 damnavit
1679 978 1690 994 ,
1726 964 1794 989 non
1823 963 1935 990 tamen
1963 954 2086 1002 prohi-

1123 998 1201 1033 buit
1231 1024 1241 1039 ‚
1273 999 1417 1044 capitale
1442 998 1694 1036 assecurationis
1723 1001 1901 1038 contraRu
1931 1000 2046 1037 salvari
2071 1027 2084 1042 ‚

1125 1046 1208 1094 quia
1229 1072 1239 1088 ,
1274 1047 1527 1084 allecurationis
1554 1050 1749 1084 contrastus
1772 1076 1783 1091 ‚
1811 1049 1859 1086 est
1884 1050 1975 1085 utilis
2003 1076 2014 1091 ‚
2043 1050 2086 1084 li-

1124 1105 1214 1130 eitus
1239 1120 1250 1135 ‚
1277 1096 1311 1130 ὅ(
1341 1097 1449 1142 justus
1473 1122 1483 1137 ‚
1517 1097 1678 1144 nullaque
1711 1098 1788 1144 lege
1812 1097 1862 1132 est
1891 1098 2087 1145 prohibitus

1125 1153 1164 1177 ut
1188 1152 1282 1188 patet
1305 1155 1345 1177 ex
1366 1144 1417 1178 his
1441 1170 1450 1185 ‚
1479 1155 1561 1191 quae
1587 1144 1697 1191 scripsi
1710 1150 1788 1194 sup.
1811 1159 1842 1193 q.
1864 1159 1894 1180 ι.
1913 1158 2086 1191 num.129.

1126 1191 1160 1226 &
1195 1191 1273 1226 licet
1312 1191 1351 1225 fit
1377 1191 1570 1239 prohibitus
1601 1205 1634 1227 in
1668 1194 1845 1230 contraetu
1874 1195 2016 1237 mutui,
2046 1205 2088 1229 ui:

1124 1238 1236 1284 scripsi
1263 1239 1335 1274 eod.
1366 1253 1396 1286 q.
1427 1253 1454 1275 t.
1486 1253 1573 1274 num.
1594 1251 1670 1286 502.
1698 1252 1808 1278 tamen
1830 1253 1893 1278 nos
1921 1241 2031 1278 sumus
2053 1241 2089 1278 in

1124 1285 1287 1322 societate
1305 1300 1371 1322 non
1392 1288 1424 1322 in
1447 1298 1566 1324 mutuo
1583 1314 1593 1329 ‚
1623 1291 1656 1324 ὃς
1683 1291 1824 1325 ulterius
1844 1291 1878 1324 in
1903 1301 2024 1326 mutuo
2040 1289 2089 1325 est

1126 1334 1319 1381 prohibitus
1344 1362 1353 1377 ,
1388 1336 1410 1370 si
1442 1335 1500 1370 fiat
1531 1348 1570 1371 ex
1599 1338 1811 1384 obligatione
1842 1339 2098 1385 praecedenti«,-

1124 1395 1192 1417 rion
1222 1395 1334 1418 autem
1371 1383 1394 1417 fi
1421 1382 1480 1418 fiat
1511 1384 1577 1419 fine
1614 1386 1825 1432 obligatione
1854 1413 1866 1428 ‚
1904 1387 2088 1422 secundum

1125 1442 1337 1465 communem
1370 1431 1571 1466 intellesturn
1591 1459 1601 1473 ‚
1632 1434 1676 1468 de
1706 1446 1779 1482 quo
1800 1435 1876 1469 ead.
1893 1447 1925 1482 q.
1947 1447 1976 1467 ι.
1999 1447 2088 1470 num.

1125 1481 1206 1522 498.
1236 1478 1399 1514 Secundo
1425 1479 1614 1526 respondeo
1639 1508 1648 1523 ‚
1678 1495 1744 1518 non
1771 1480 1836 1516 esse
1859 1481 2058 1529 superfluam
2075 1507 2087 1524 ‚

1127 1528 1207 1573 quia
1240 1528 1335 1561 aliter
1362 1529 1601 1563 contrahentes
1621 1556 1630 1569 ‚
1657 1531 1803 1565 declarat
1827 1529 1995 1565 usurarios
2022 1541 2091 1577 pu-

1125 1574 1233 1609 blicos
1258 1603 1268 1616 ,
1299 1575 1343 1610 ita
1374 1587 1412 1609 ut
1440 1588 1559 1611 contra
1586 1589 1645 1612 eos
1678 1577 1776 1625 poffit
1806 1578 1948 1625 procedi
1976 1578 2090 1613 crimi-

1127 1624 1243 1658 naliter
1269 1635 1308 1657 ex
1339 1623 1467 1658 officio.
1495 1624 1618 1658 Tertio
1646 1626 1834 1672 respondeo
1857 1654 1867 1669 ,
1900 1626 2005 1661 hodie
2032 1627 2090 1661 has

1126 1670 1374 1716 superfluitates
1399 1685 1466 1707 non
1492 1672 1696 1710 considerari
1719 1701 1729 1714 ,
1756 1676 1838 1721 quia
1867 1675 1978 1710 omnia
2001 1674 2090 1710 fiunt

1126 1718 1338 1764 disputabilia
1364 1746 1374 1761 ‚
1411 1722 1446 1756 ὃς
1483 1720 1642 1757 staturum
1668 1749 1678 1764 ‚
1719 1724 1816 1770 quod
1852 1723 1942 1760 tollit
1975 1723 2090 1769 dispu-

1126 1766 1217 1801 tandi
1248 1768 1413 1802 materiam
1447 1795 1456 1809 ‚
1493 1781 1562 1804 non
1595 1769 1641 1803 est
1677 1769 1880 1816 superfluum
1912 1799 1922 1812 ‚
1963 1783 2022 1818 per
2051 1782 2090 1806 ea

1124 1826 1206 1862 quae
1232 1815 1341 1862 scripsi
1373 1821 1403 1850 in
1430 1829 1497 1850 meo
1524 1817 1620 1851 trass.
1647 1819 1688 1852 de
1710 1821 1814 1862 judic.
1837 1822 1930 1869 caus.
1957 1819 2016 1854 lib.
2058 1833 2088 1853 t.

1124 1875 1196 1910 cap.
1211 1876 1269 1908 97.
1290 1863 1346 1904 sub
1363 1877 1448 1900 num.
1467 1876 1520 1910 54.
1535 1868 1650 1912 versus
1661 1866 1758 1908 finem
1770 1895 1779 1909 ‚
1794 1869 1828 1903 <5
1847 1881 1922 1902 uua
1933 1882 1961 1902 1.
1974 1866 2086 1912 versic.

1126 1912 1294 1959 quicquid.

1173 1959 1291 1994 Minus
1313 1960 1424 1996 obstat
1441 1990 1451 2003 ‚
1476 1963 1576 2010 quod
1599 1966 1661 1998 Sot.
1683 1964 1725 1998 de
1739 1964 1811 2007 jud.
1839 1965 1873 2001 (ς’
1888 1966 1955 2007 jur.
1978 1964 2035 1999 lib.
2055 1966 2089 2000 6.

1126 2009 1266 2053 quoest,6.
1285 2013 1419 2043 amica.
1439 2012 1522 2056 col.3
1560 2016 1593 2046 in
1618 2011 1673 2049 fin.
1692 2013 1726 2048 ὠ
1749 2014 1845 2055 col.4.
1867 2013 1910 2046 ibi·
1925 2040 1933 2051 ,
1953 2025 1988 2047 at
2011 2025 2090 2046 vero

1124 2068 1164 2089 ea
1185 2069 1277 2095 ,orm
1301 2084 1309 2094 ,
1330 2058 1389 2099 fol.
1414 2070 1492 2104 599.
1516 2062 1550 2097 (θ’
1573 2064 1655 2094 όὊ.
1680 2060 1813 2095 damnet
1837 2060 1927 2094 huic
1955 2072 2091 2095 contra-

1125 2104 1213 2137 etun
1238 2105 1427 2150 simpliciter
1443 2134 1451 2146 ,
1475 2110 1653 2154 reprobata
1677 2118 1776 2142 etiam
1808 2108 1959 2144 dostrina
1988 2114 2090 2146 Caie-

1126 2153 1191 2186 tani
1210 2180 1215 2188 .
1244 2153 1497 2198 distinguentis.
1513 2167 1552 2188 an
1574 2155 1620 2189 issi
1640 2168 1703 2189 ires
1722 2159 1915 2192 con-metus
1930 2156 2013 2193 fiant
2030 2169 2089 2191 eo-

1123 2201 1198 2234 dem
1226 2212 1378 2253 tempore
1397 2229 1406 2241 .,
1436 2215 1465 2235 ιιι
1494 2221 1512 2231 -‚
1534 2216 1573 2238 wc
1596 2216 1665 2238 noti
1691 2206 1820 2240 valeant
1837 2232 1845 2247 ,
1871 2218 1912 2240 an
1937 2217 2018 2240 vero
2048 2217 2089 2238 ex

1123 2257 1298 2283 interit-ano
1316 2277 1324 2288 ‚
1349 2261 1385 2283 iit
1414 2261 1494 2285 tune
1525 2254 1662 2286 valeant.

1175 2298 1270 2339 Qriia
1291 2297 1475 2342 respordeo
1495 2327 1503 2339 ,
1528 2312 1739 2335 communem
1758 2300 1948 2346 opinionem
1969 2301 2001 2335 in
2019 2300 2089 2336 hoc

1125 2342 1190 2377 esse
1212 2357 1330 2380 coniza
1350 2347 1472 2381 sotum
1490 2375 1498 2387 ,
1522 2359 1638 2383 con-ra
1658 2360 1760 2395 quem
1786 2351 1851 2384 late
1877 2350 1991 2386 insistit
2012 2351 2089 2384 Na-

1124 2403 1200 2426 var.
1217 2396 1249 2428 in
1271 2395 1336 2427 asse.
1362 2395 1637 2441 fisoet-zeraveris‚
1675 2397 1716 2432 ub
1731 2407 1822 2442 n.35.
1847 2399 1990 2445 &seqq-

1173 2440 1256 2475 Non
1289 2442 1395 2476 oblla.
1431 2443 1528 2477 eriam
1559 2471 1568 2486 ,
1591 2456 1612 2492 q
1631 2444 1687 2480 *od
1719 2446 1798 2479 Rota
1825 2457 1934 2480 coram
1965 2445 2088 2493 Illustr-

1126 2489 1229 2523 Card.
1260 2490 1394 2523 Millmo
1418 2493 1449 2525 in
1476 2492 1657 2527 Ferrarien.
1673 2496 1849 2540 societatis
1871 2520 1882 2535 ‚
1910 2496 2008 2528 Lunae
2033 2507 2090 2531 20.

1125 2537 1318 2571 Decembris
1357 2548 1453 2582 1599.
1483 2540 1517 2577 (ς’
1536 2545 1623 2574 ven.'
1644 2553 1696 2587 ¹7.
1726 2543 1847 2575 Martii
1878 2544 1978 2578 1600.
2005 2545 2090 2578 inter

1125 2585 1288 2631 impreffas
1306 2586 1383 2632 poll.
1407 2600 1490 2623 cons.
1516 2589 1682 2623 Farinam
1707 2589 1764 2624 lib.
1788 2601 1816 2623 t.
1842 2590 1913 2624 dec.
1935 2603 2012 2636 ¹30·
2033 2591 2093 2626 do·

1125 2636 1204 2666 mini
1220 2633 1379 2677 steterunt
1397 2661 1404 2675 ‚
1428 2648 1514 2670 num.
1539 2647 1568 2681 5.
1593 2637 1627 2674 &
1634 2639 1728 2684 seqq.
1747 2636 1904 2684 sequatur
1920 2637 1952 2672 in
1968 2636 2092 2674 effestu

1126 2680 1245 2732 dictam
1271 2681 1424 2717 Caietani
1451 2683 1694 2719 distinffionem
1714 2711 1724 2726 ‚
1748 2686 1862 2732 quasi,
1882 2685 1904 2720 si
1929 2686 2091 2722 assecura-

1126 2738 1226 2779 tionis
1246 2731 1437 2766 contra&iis
1463 2731 1521 2767 fiat
1544 2732 1577 2766 in
1603 2733 1725 2768 eodem
1752 2733 1928 2769 contraftu
1950 2734 2089 2771 societa-

1128 2787 1169 2812 tis
1191 2803 1200 2818 ,
1236 2777 1388 2814 videatur
1417 2781 1534 2815 confite
1558 2779 1663 2816 faetus
1685 2808 1694 2823 ‚
1722 2782 1803 2829 quia
1835 2782 1900 2816 fine
1923 2781 2089 2818 assecura-

2131 2463 2175 2501 39.

1127 2825 1230 2860 tionis
1253 2826 1427 2861 contrastii
1447 2841 1514 2862 non
1541 2828 1637 2863 fieret
1657 2829 1800 2865 societas
1816 2856 1826 2871 ‚
1851 2829 1945 2865 secus
1967 2831 1989 2864 si
2010 2829 2090 2867 affe*
2146 2848 2148 2850 ·

1125 2874 1309 2908 curationis
1331 2876 1525 2910 contrastus
1549 2876 1606 2912 siat
1633 2877 1802 2923 separatim
1826 2904 1836 2918 ,
1865 2879 1898 2912 &
1924 2889 1997 2913 non
2015 2891 2091 2914 cor-

1123 2921 1307 2967 respestive
1321 2922 1363 2957 ad
1379 2925 1588 2962 contractum
1607 2924 1777 2960 societatis
1793 2952 1802 2966 ,
1817 2925 1911 2974 quasi
1930 2926 1993 2961 isto
2013 2927 2090 2962 casu

1124 2967 1378 3005 assecurationis
1412 2972 1605 3008 contrastus
1637 2973 1675 3008 sit
1716 2973 1927 3009 voluntarius
1957 2977 1990 3010 δε
2021 2987 2090 3010 non

1122 3018 1261 3052 coaetos
1280 3044 1290 3056 ,
1320 3029 1421 3065 quain
1438 3020 1680 3056 distinstionem
1705 3020 1789 3057 Rot.
1814 3020 1991 3057 confirmat
2010 3049 2021 3064 ‚
2046 3035 2089 3057 eo

1122 3065 1220 3112 quod
1244 3066 1333 3100 Abb.
1353 3068 1456 3107 consil.
1475 3069 1530 3112 69.
1559 3071 1697 3103 videtur
1709 3095 1718 3110 ‚
1728 3070 1792 3116 sub
1808 3082 1923 3105 numi.
1939 3071 1986 3104 ibi
2000 3096 2009 3112 ,
2026 3083 2091 3106 ier-

1121 3116 1166 3147 tio
1190 3126 1238 3146 me
1260 3125 1368 3148 movet
1386 3140 1396 3155 ,
1421 3116 1483 3151 lib.
1500 3130 1531 3151 z.
1559 3118 1594 3153 (θ’
1615 3120 1774 3165 Capicraq.
1793 3118 1972 3161 decis.t63.
1990 3118 2090 3166 finiu-

1122 3161 1204 3195 latio
1227 3187 1236 3200 .
1262 3164 1294 3195 in
1318 3160 1374 3202 fin.
1395 3175 1484 3210 part.
1514 3177 1545 3210 3.
1574 3164 1713 3199 eandem
1744 3165 1870 3200 faciunt
1906 3164 2106 3201 distinctio--

1123 3219 1198 3242 nem
1222 3208 1254 3242 in
1276 3209 1373 3255 pasto
1400 3211 1444 3246 de
1466 3213 1739 3248 retrovendendo
1761 3240 1771 3255 ‚
1793 3214 1828 3248 <Sc
1850 3223 1928 3247 cum
1951 3214 2014 3248 liae
2040 3213 2092 3250 di·

1123 3255 1298 3291 stinstioiie
1321 3257 1456 3294 videtur
1488 3263 1560 3295 Rot.
1585 3260 1640 3295 ubi
1664 3262 1736 3307 sup.
1759 3273 1845 3295 num.
1873 3261 1906 3293 8.
1930 3260 2092 3309 interpre-

1122 3304 1186 3338 tari
1209 3304 1384 3351 praesatam
1411 3306 1498 3343 Sixti
1525 3308 1572 3343 V.
1599 3308 1881 3344 constitutionem
1906 3333 1916 3348 ‚
1945 3320 1984 3344 ut
2011 3321 2090 3356 pro-

1121 3351 1235 3404 hib-eat
1260 3353 1353 3398 pasta
1379 3379 1388 3394 ‚
1424 3356 1574 3402 apposita
1613 3356 1646 3389 in
1678 3355 1749 3401 ipso
1777 3355 1954 3391 commosin
1984 3355 2092 3393 socie·

1123 3410 1202 3435 tatis
1225 3426 1234 3440 ,
1263 3411 1332 3434 non
1363 3412 1476 3438 autem
1507 3403 1655 3451 apposita
1686 3414 1726 3437 ex
1751 3403 1928 3440 intervallo
1955 3405 1989 3440 in
2021 3405 2089 3441 alio

1121 3447 1313 3484 contrastu.

1172 3494 1280 3531 Prout
1304 3508 1416 3546 neque
1440 3499 1571 3540 obstat,
1590 3498 1690 3547 quod
1716 3499 1857 3536 Mantic.
1876 3499 1920 3534 de
1935 3505 2030 3537 tacit.
2054 3502 2088 3539 ά

1121 3543 1243 3592 ambig.
1257 3556 1406 3583 convent.
1423 3547 1506 3581 libro
1521 3549 1554 3582 6.
1568 3547 1655 3581 titul.
1663 3548 1695 3583 6.
1704 3557 1840 3582 num-12.
1855 3558 1962 3586 roma„
1979 3548 2089 3585 videa-

1126 3601 1181 3626 tur
1205 3592 1418 3628 concordare
1434 3605 1511 3629 cum
1528 3593 1647 3630 eadem
1672 3594 1885 3630 distinetione
1902 3622 1911 3634 ‚
1938 3593 2054 3631 dicens
2077 3623 2086 3636 ‚

1125 3639 1223 3687 quod
1243 3639 1277 3673 hi
1297 3641 1370 3678 duo
1391 3642 1586 3678 contraeas
1607 3640 1802 3684 societatis,
1829 3643 1865 3678 δε
1886 3642 2086 3690 suscipiendi

1919 3691 2086 3737 periculi,
