2400 3939
360 189 468 245 502

356 247 484 283 sublata
504 250 572 292 eis,
598 249 633 284 dc
658 261 776 285 eorum
792 261 992 299 cuicunque
1008 277 1018 292 ,
1045 252 1167 299 quavis
1184 250 1280 285 aliter

356 295 557 343 iudicandi,
586 298 878 345 &interpretandi
897 299 1079 340 facultate,
1106 298 1278 344 judicari,

357 343 392 377 ἀ
408 344 538 380 definiri
564 345 714 382 debere:
743 346 822 381 Nec
844 359 915 382 non
936 348 1064 381 irritum
1079 373 1090 389 ‚
1116 349 1151 383 &
1165 347 1282 387 inane,

356 392 525 441 quicquid
549 393 644 430 secus
660 393 758 441 super
778 394 830 428 his
845 395 864 430 a
880 405 1067 443 quoquam,
1093 394 1213 442 quavis
1223 405 1282 428 au-

357 440 516 478 &oritate
528 441 693 486 scienter3
718 441 772 477 vel
787 442 998 488 ignoranter,
1025 442 1213 489 contigerit
1231 452 1280 477 at-

358 490 480 524 tentari
494 516 504 531 ,
530 489 753 525 decernimus.
805 491 967 532 Demum,
994 500 1034 526 ut
1051 490 1124 532 illa,
1151 502 1233 538 quae
1249 490 1282 524 in

358 537 524 584 praediflo
541 537 668 574 Monte
682 538 857 585 praecipue
875 538 1032 586 gerenda,
1046 542 1079 575 δε
1097 537 1284 574 exercenda

358 595 474 625 erunt,
496 597 555 632 per
573 586 724 632 probos;
750 589 783 623 ὅ(
802 587 930 634 peritos
952 587 1044 622 viros
1064 587 1156 622 omni
1183 585 1255 620 fide
1270 611 1280 626 ‚

359 631 474 668 fludio
486 660 496 675 ,
521 636 555 670 δε
570 633 746 681 diligentia
760 645 988 675 exerceantur,
1002 635 1162 683 idemque
1177 634 1284 668 Mons

362 679 481 716 felices
500 681 624 717 habeat
651 681 845 719 successus:
870 682 1028 718 dileetum
1047 682 1153 718 filium
1169 681 1284 729 Magi-

358 727 462 764 strum
491 729 714 765 Benedistum
743 731 968 774 justinianum
996 731 1180 770 Notarium
1193 757 1203 773 ,
1244 740 1285 764 ac

358 775 619 814 Thesaurarium
642 778 791 814 nostrum
807 779 1007 827 generalem,
1034 781 1176 828 ejusque
1186 779 1218 813 in
1233 777 1284 812 di-

360 823 416 859 ἂο
437 825 554 860 officio
570 837 632 872 pro
647 836 802 874 tempore
816 827 977 863 existente
993 827 1217 865 successorem
1233 825 1284 861 di-

360 871 404 906 eti
416 872 551 909 Montis
566 874 809 918 Protestorem,
837 888 877 911 ac
892 876 1285 917 administratorem,cum

359 920 463 956 libera
477 947 487 963 ,
513 922 548 957 ὅ(
564 922 719 958 absoluta
741 923 908 970 potestate
928 935 966 959 ea
987 924 1098 960 omnia
1121 935 1286 971 peragen-

358 967 408 1010 di,
435 980 517 1016 quae
539 971 583 1005 ad
602 971 682 1006 disti
701 972 834 1007 Montis
848 972 1029 1007 utilitatem
1045 973 1212 1020 pertinere
1225 983 1288 1007 co·

359 1018 532 1063 gnoverit,
558 1019 592 1054 &
604 1019 645 1053 ad
661 1018 818 1056 dilet‘him
841 1019 949 1056 filium
964 1020 1162 1068 josephum,
1176 1031 1287 1067 quon·

358 1065 434 1100 darn
445 1065 623 1104 Benediffi
634 1067 1081 1115 Justiniani,Depofitarium
1093 1068 1173 1104 dieti
1185 1068 1288 1103 Mon-

358 1113 404 1148 tis
419 1139 430 1155 ,
456 1115 573 1162 quoad
593 1114 736 1152 vixerit:
760 1115 910 1152 Necnon
927 1117 1288 1159 Ludovicum‚natum

361 1161 539 1199 Vincentii
554 1161 695 1205 Rentii,
722 1164 847 1207 nostri,
875 1165 908 1200 δι
933 1165 1088 1202 Camerae
1107 1163 1289 1211 Apostoli-

360 1220 414 1245 cae
425 1209 705 1254 Ratiocinatoris,
732 1213 766 1248 δε
780 1212 1007 1259 computistae
1023 1215 1056 1248 in
1065 1212 1288 1250 Secretarium

359 1257 512 1304 eJusdem
525 1258 660 1295 Montis
674 1286 682 1301 ,
710 1271 774 1295 nec
791 1273 858 1296 non
879 1261 1074 1298 Frantinum
1092 1289 1102 1304 ,
1129 1261 1285 1302 alterurn,

360 1306 510 1352 ciusdem
526 1307 702 1343 Vincentii
721 1308 846 1351 filium,
874 1310 908 1343 in
926 1310 1287 1358 Computorem,quo-

359 1354 404 1388 ad
424 1355 577 1402 qualibet
596 1355 744 1402 ipsorum
767 1358 866 1392 etiam
884 1358 1028 1393 vixerint
1043 1386 1053 1401 ,
1080 1359 1114 1393 in
1132 1356 1289 1404 recogni-

362 1402 490 1439 tionem
509 1403 741 1441 immensorum
766 1406 917 1441 laborum
937 1433 946 1448 ‚
971 1418 1061 1454 quos
1082 1406 1286 1443 Vincentius

363 1450 499 1486 illorum
519 1452 656 1498 genitor
677 1452 906 1500 superioribus
926 1456 1135 1501 temporibus
1160 1456 1192 1487 in
1219 1453 1286 1488 Cam

364 1510 456 1535 mera
473 1499 688 1546 Apostolica,
715 1502 858 1537 maximo
877 1514 952 1538 cum
971 1503 1120 1550 ejusdem
1135 1502 1289 1537 Camerae

365 1549 564 1591 commodo,
591 1560 632 1583 ac
651 1549 795 1585 utilitate
809 1550 993 1592 substinuit,
1021 1552 1103 1587 &in
1121 1551 1192 1585 dies
1214 1562 1289 1596 per-

364 1594 453 1630 ferre
473 1597 632 1643 cogitur,
658 1608 699 1632 ac
717 1598 750 1632 in
769 1599 903 1634 illorum
921 1611 1052 1641 veram,
1077 1602 1111 1635 &
1128 1598 1290 1633 aftualem

364 1644 669 1680 remunerationem
684 1672 695 1688 ,
724 1647 758 1681 &
774 1646 1099 1694 compensationem,
1126 1648 1224 1682 etiam
1250 1656 1290 1679 ex

367 1692 466 1727 causa
492 1704 576 1740 quae
604 1704 683 1729 vere
700 1695 840 1731 onerosa
860 1695 928 1737 est,
961 1708 1037 1730 cum
1060 1696 1291 1731 emolumento

365 1740 470 1775 trium
482 1741 652 1785 Juliorum
675 1755 738 1789 pro
759 1743 915 1791 quolibet
934 1744 1027 1784 loco,
1052 1754 1117 1779 tarn
1135 1744 1290 1778 Secreta-

364 1788 432 1829 1io,
457 1799 559 1836 quam
575 1789 786 1838 Computori
805 1792 981 1839 aequaliter
996 1792 1084 1829 inter
1100 1791 1188 1839 ipsos
1205 1791 1289 1828 divi-

364 1835 510 1872 dendos.
541 1837 670 1872 Verum
687 1839 798 1876 donec
814 1840 1015 1877 Vincentius
1032 1852 1123 1888 patet
1141 1839 1260 1875 vixerit
1276 1865 1286 1880 ‚

365 1895 426 1931 per
445 1885 590 1921 eundern
604 1886 826 1923 Vincentium
842 1888 1028 1935 exigendos
1042 1888 1289 1928 constituimus,

367 1933 404 1967 δι
416 1932 632 1980 deputamus.
658 1934 700 1970 In
719 1938 845 1983 quibus
860 1938 1051 1972 muneribus
1063 1965 1071 1978 ‚
1099 1939 1133 1972 &
1151 1936 1239 1972 curis
1253 1936 1290 1969 il-

367 1981 409 2015 lis
423 1981 630 2018 demandatis
661 1983 707 2019 ita
727 1985 760 2020 se
775 1996 895 2032 gerant
909 2013 919 2027 ,
945 1986 1232 2032 quemadmodum
1255 1983 1288 2017 in

368 2028 498 2065 Monte
512 2029 705 2070 Provinciae
725 2034 914 2075 consuevit,
931 2036 964 2069 &
982 2033 1013 2067 in
1029 2046 1071 2070 eo
1084 2032 1291 2069 observatur.

369 2076 455 2113 Non
473 2078 683 2116 obstantibus
692 2081 874 2127 praemiffis,
887 2094 951 2116 nec
969 2093 1038 2116 non
1056 2082 1181 2117 felsee.
1196 2081 1292 2128 Sym-

369 2125 493 2160 machi.
509 2126 609 2162 Alex.
623 2128 689 2164 VI.
703 2128 797 2164 Pauli
810 2128 862 2164 Π.
875 2129 970 2165 Pauli
983 2128 1057 2168 ΙΙΙ.
1071 2130 1163 2166 Pauli
1177 2129 1246 2163 lv.
1259 2130 1293 2163 &

369 2171 481 2226 Pii-V.
493 2173 537 2208 de
554 2175 652 2211 rebus
662 2176 826 2213 Ecclesiae
838 2190 907 2214 non
923 2178 1117 2220 alienandis,
1143 2189 1201 2213 aut
1216 2178 1291 2211 alie-

369 2232 456 2274 natis
474 2224 710 2270 recuperandis
722 2252 731 2266 ‚
756 2237 796 2261 ac
811 2226 911 2261 etiam
933 2236 1052 2262 contra
1073 2226 1268 2273 illegitimos
1282 2251 1293 2268 ,

368 2270 584 2317 aliorumque
602 2271 834 2310 Romanorum
854 2274 1055 2311 Pontificum
1067 2273 1294 2323 praedeceslo·

367 2328 444 2354 rum
462 2318 666 2362 nostrorum,
681 2322 995 2365 constitutionibus,
1022 2323 1295 2360 ordinationibus

366 2366 606 2412 Apostolicis,
633 2369 715 2404 &in
738 2369 907 2406 Conciliis
930 2372 1141 2419 generalibus
1169 2371 1268 2408 editis
1283 2397 1293 2413 ,

367 2414 532 2460 praedicta
543 2414 615 2451 fieri
634 2417 842 2464 specialiter,
871 2421 905 2454 &
921 2419 1069 2467 expresse
1088 2419 1297 2467 prohibenti-

367 2463 444 2504 bus,
473 2464 506 2498 &
525 2461 609 2498 fasta
632 2465 721 2500 irrita
736 2466 802 2502 esle
822 2466 1094 2510 decernentibus,
1122 2468 1296 2516 diCtaeque

368 2510 533 2563 Camerae-
553 2512 772 2560 Apostolicae
794 2516 986 2561 juramento
1002 2544 1012 2558 ,
1039 2516 1297 2552 confirmatione

368 2558 599 2613 Apostolum,
627 2562 683 2597 vel
703 2564 824 2610 quavis
845 2563 1003 2600 firmitate
1024 2566 1087 2600 alia
1106 2564 1295 2606 roboratis,

370 2606 534 2661 flamus,
552 2609 879 2655 consuetudinibus,
907 2613 1146 2655 stabilimentis,
1173 2613 1295 2654 usibus,

371 2654 407 2709 Bt
423 2665 553 2691 naturis
577 2658 762 2705 privilegiis
779 2672 944 2709 quoque,
973 2661 1132 2704 indultis,
1159 2663 1192 2696 δε
1208 2662 1297 2697 litte-

369 2713 415 2756 ris
435 2703 660 2749 Apostolicis,
687 2708 797 2743 eidem
814 2709 980 2752 Camerae,
1009 2710 1162 2758 illiusque
1175 2712 1292 2756 Agen-

372 2751 473 2805 tibus,
503 2752 538 2787 ὅ(
554 2754 702 2800 personis
718 2755 780 2791 sub
793 2757 1054 2806 quibuscunque
1066 2758 1250 2801 tenoribus,
1263 2759 1297 2792 ὅ(

371 2798 511 2853 formis,
526 2811 577 2846 ,ac
592 2813 670 2838 cum
689 2803 870 2850 quibusvis
887 2807 1180 2854 derogatoriarum
1197 2809 1297 2844 dero·

371 2849 546 2901 gatortils,
562 2848 700 2898 aliisque
715 2851 977 2895 efficacioribus,
1004 2855 1038 2890 δε
1053 2854 1193 2891 insolitis
1207 2856 1298 2890 clau-

373 2895 465 2937 sulis,
491 2897 778 2947 nutantibusque,
805 2902 838 2936 ὅ(
849 2902 920 2938 aliis
934 2902 1093 2943 decretis,
1109 2903 1208 2938 etiam
1223 2916 1297 2938 rno-

373 2951 416 2978 1u
440 2944 598 2990 proprio,
623 2948 657 2983 &
673 2959 712 2982 ex
727 2959 820 2984 certa
840 2949 988 2991 scientia,
1007 2950 1122 2999 deque
1139 2952 1290 2993 consilio,

372 2989 512 3034 assensu,
541 2995 574 3028 &
589 2995 766 3041 potestatis
781 2997 991 3043 plenitudine
999 2999 1167 3040 similibus,
1182 3011 1221 3034 ac
1236 3011 1300 3046 pro

373 3038 634 3078 conservatione
653 3043 779 3086 ssatus,
805 3045 1000 3092 dignitatis,
1027 3048 1060 3082 δε
1075 3047 1300 3083 extimationis

373 3087 412 3124 S.
424 3086 468 3122 R.
480 3087 524 3123 E.
541 3090 706 3140 concessis
722 3117 732 3132 ,
761 3093 984 3136 confirmatis,
1011 3096 1046 3130 ὅ(
1063 3096 1190 3131 iteratis
1215 3095 1298 3131 vici-

373 3135 460 3177 bus,
490 3138 524 3172 &
538 3139 712 3174 innovatis
727 3142 878 3184 extensis,
904 3145 939 3179 δε
956 3144 1148 3180 moderatis.
1159 3144 1301 3187 Quibus

374 3183 554 3237 omnibus,
575 3186 676 3221 etiam
693 3187 716 3221 si
741 3188 786 3222 de
801 3189 885 3231 illis,
912 3203 1102 3240 eorumque
1129 3192 1302 3227 tenoribus

374 3229 540 3283 specialis,
567 3232 732 3279 specifica,
755 3246 860 3283 atque
874 3239 1016 3286 integra,
1027 3239 1201 3276 individua
1215 3251 1302 3275 men-

375 3289 428 3331 tio
444 3279 598 3316 habenda
613 3280 697 3317 esset
708 3309 718 3323 ,
745 3283 880 3321 illorum
897 3299 1043 3328 tenores,
1073 3299 1114 3323 ac
1132 3288 1154 3322 si
1170 3288 1214 3322 de
1230 3300 1301 3322 ver-

374 3325 428 3379 bis
444 3328 487 3362 ad
500 3330 639 3364 verbum
659 3330 1116 3382 insererentur-‚praesentibus
1133 3347 1194 3383 pro
1213 3335 1303 3370 suffi-

375 3385 504 3410 cremer
509 3377 664 3430 expressis
673 3389 714 3413 ac
724 3379 767 3413 de
778 3383 882 3418 verbo
896 3383 938 3418 ad
953 3385 1093 3418 verbum
1107 3382 1233 3419 insertis
1245 3384 1301 3419 ba-

375 3421 572 3470 bentes,illrs
587 3427 669 3461 alias
683 3426 716 3461 in
728 3426 789 3462 suo
804 3432 928 3466 robore
944 3431 1240 3478 permansuris,hac
1254 3432 1302 3465 vi-

367 3480 421 3521 -Pe
434 3470 609 3508 dumtaxat
633 3469 834 3520 specialiter,
862 3480 896 3514 δε
912 3478 1058 3525 expresse
1073 3479 1279 3526 derogamus
1293 3507 1302 3522 ,

377 3516 505 3564 illaque
521 3529 687 3574 quatenus
702 3525 872 3568 praemiffis
887 3527 1034 3569 obstent,
1061 3529 1226 3570 tollimus,
1245 3528 1301 3561 ab·

378 3576 552 3610 rogamus,
570 3578 610 3602 ac
625 3578 723 3604 etiam
741 3573 928 3610 abolemus.

429 3612 482 3649 Ut
492 3623 601 3650 autem
613 3616 828 3669 praesentium
840 3622 1021 3660 litterarum
1030 3624 1177 3671 exempla
1185 3623 1227 3658 ad
1238 3635 1301 3658 ma-

378 3671 442 3697 UUS
456 3665 963 3714 eorum,qu1easinspicere,aut
979 3672 1042 3707 illis
1054 3672 1104 3709 uti
1119 3673 1302 3713 voluerint,

628 226 632 230 .
674 182 679 186 ’
708 163 1058 256 sigismundi
1084 166 1569 242 'Scacciae‘Tratfih
1593 167 1669 230 de
1706 169 2003 247 Continet.

1330 250 1374 286 de
1388 252 1476 286 sacili
1489 252 1663 299 pervenire
1679 254 1983 290 valeant„v0lumus
1996 252 2123 289 illarum
2134 266 2246 292 exem-

1326 301 1388 346 plis
1399 312 1496 335 manu
1511 300 1688 336 Secretarii
1701 299 1780 334 dieti
1799 299 2003 341 Montis‚aut
2019 302 2156 338 alterius
2168 305 2247 340 No·

1327 348 1401 383 tarii
1411 348 1538 394 publici
1549 346 1739 394 subscriptis
1756 359 1795 381 ac
1809 348 1916 395 sigillo
1930 349 2081 395 personae
2094 351 2127 385 in
2137 351 2247 397 digni-

1329 405 1401 431 tate
1426 394 1657 434 Ecclesiastica
1683 395 1877 432 constituta:
1904 397 2104 445 obsignatis,
2130 400 2248 437 eadem

1329 444 1463 490 prorsus
1484 443 1568 478 fides
1584 444 1618 478 in
1633 443 1790 490 judiciis,
1817 445 1868 478 vel
1887 457 1979 480 extra
2002 446 2247 492 adhibeantur,

1330 503 1412 540 qua:
1429 492 1480 527 his
1502 492 1618 528 nostris
1638 491 1757 526 litteris
1775 491 1972 534 haberetur,
1998 494 2020 528 si
2035 493 2247 535 ostenderen-

1331 550 1388 576 tur
1401 567 1411 582 ,
1438 541 1492 576 vel
1506 540 1785 587 producerentur.

1379 588 1478 624 Nulli
1494 599 1576 634 ergo
1595 587 1733 622 omnino
1749 586 1923 623 hominum
1936 589 2033 624 liceat
2050 589 2138 626 hanc
2154 592 2247 639 pagi-

1331 647 1406 672 nam
1429 636 1553 672 nostrae
1572 634 1759 677 ereetionis,
1787 635 2023 680 institutionis,
2046 639 2249 685 applicatio-

1331 686 1406 726 nis,
1432 683 1724 732 appropriationis,
1750 682 1986 730 assignationis,
2016 686 2248 730 transsationis,

1332 732 1508 780 positionis
1524 758 1534 772 ,
1559 731 1825 778 subrogationis,
1853 733 2053 780 emptionis,
2081 735 2250 771 liberatio·

1331 782 1391 823 nis,
1414 779 1645 827 injunstionis‚
1674 778 1904 826 obligationis,
1929 780 2151 829 hypothecae,
2165 796 2252 820 cou-

1333 829 1484 864 ceslionis
1501 854 1511 870 ,
1548 827 1788 875 prohibitionis
1804 854 1814 870 ,
1840 827 2064 873 statutorum,
2093 833 2251 875 decreti,
2297 861 2303 865 .

1333 877 1612 918 constitutionis,
1639 876 1894 923 deputationis,
1919 877 2164 926 derogationis,
2177 881 2249 915 sub-

1333 925 1493 967 lationis,
1518 922 1772 972 abrogationis,
1795 924 1988 961 abolitionis
2011 930 2046 962 ὅ(
2068 929 2251 966 voluntatis

1333 973 1535 1020 infringere,
1558 974 1612 1008 vel
1629 973 1660 1008 ei
1673 973 1753 1007 ausu
1769 974 1945 1008 temerario
1965 977 2143 1017 contraire.

1383 1022 1420 1059 Si
1442 1023 1520 1070 quis
1542 1033 1655 1057 autem
1683 1020 1752 1056 hoc
1782 1030 1950 1056 attentare
1978 1023 2222 1073 praesumpserit
2238 1051 2251 1068 ,
2270 1067 2273 1069 .

1334 1070 1603 1117 indignationem
1623 1069 1868 1115 omnipotentis
1883 1068 1982 1114 Dei,
2008 1083 2049 1106 ac
2075 1073 2252 1115 beatorum
2279 1086 2291 1106 ·.

1336 1119 1447 1161 Petri,
1477 1121 1508 1155 δι
1525 1117 1621 1153 Pauli
1637 1116 1884 1164 Apostolorum
1907 1119 1982 1165 ejus
1998 1118 2030 1154 se
2048 1121 2181 1156 noverit
2205 1119 2256 1157 in-¹

1336 1167 1522 1202 cursurum.
1576 1166 1707 1202 Datum
1723 1163 1860 1207 Romae,
1885 1167 1976 1213 apud
1996 1167 2150 1204 Sanstum
2164 1169 2258 1204 Mar-

1336 1227 1414 1251 cum
1437 1242 1447 1258 ,
1488 1227 1576 1251 anno
1610 1212 1857 1248 Incarnationis
1892 1214 2087 1252 Dominicae
2111 1217 2255 1252 'millesi-

1335 1277 1394 1299 mo
1426 1263 1693 1312 quingentesimo
1727 1262 2080 1311 oduagefimoquinto
2104 1292 2113 1306 ,
2153 1277 2255 1314 quar-

1336 1322 1374 1347 to
1399 1311 1568 1347 Kalendas
1593 1309 1767 1358 Augusti,
1804 1308 2030 1349 Pontificatus
2052 1313 2170 1348 Nostri
2196 1326 2254 1350 au·

1335 1372 1379 1397 no
1406 1373 1528 1407 primo.

1406 1456 1511 1491 Tenor
1531 1457 1766 1504 Constitutionis
1781 1457 1835 1490 Pii
1847 1457 1908 1492 IV.
1910 1457 2017 1505 super
2030 1458 2182 1494 cambiis.

1341 1554 1458 1638 Plus
1477 1553 1566 1599 Papa
1583 1551 1652 1587 IV.
1671 1550 1778 1587 Motu
1794 1551 1948 1601 proprio,
1975 1553 2044 1588 δίε.
2063 1555 2150 1591 Cum
2169 1555 2254 1592 sicut

1413 1602 1608 1648 accepimus
1623 1611 1691 1634 non
1713 1600 1778 1635 fine
1795 1602 1933 1635 maxima
1956 1600 2054 1635 animi
2071 1603 2172 1638 nostri
2191 1603 2253 1639 dis-

1336 1651 1494 1698 plicentia
1512 1675 1522 1691 ,
1557 1648 1656 1683 etiam
1679 1647 1756 1694 post
1785 1648 2049 1696 duplicationem
2079 1651 2255 1698 cujusdam

1335 1697 1549 1746 proclamatis
1562 1724 1572 1739 ,
1598 1695 1666 1731 five
1685 1696 1781 1730 banni
1796 1696 1839 1732 de
1855 1695 2007 1744 expresso
2020 1700 2177 1738 mandato
2196 1712 2257 1736 no·

1334 1748 1403 1783 stro
1420 1746 1495 1781 fasti
1507 1773 1517 1788 ,
1549 1743 1824 1781 &commiffione
1843 1744 2038 1780 venerabilis
2056 1745 2183 1783 Fratris
2195 1759 2257 1784 no·

1336 1795 1392 1831 stri
1413 1793 1618 1841 Hieronymi
1629 1791 1791 1839 Episcopi
1809 1792 2081 1836 Martoranensis,
2100 1807 2183 1832 tunc
2211 1796 2256 1830 al·

1335 1856 1399 1879 mae
1415 1843 1506 1880 urbis
1520 1841 1641 1876 nostrae
1660 1841 1908 1877 Gubernatoris
1919 1867 1929 1882 ,
1958 1841 2015 1878 sub
2028 1843 2084 1879 die
2100 1857 2154 1889 ²7·
2166 1856 2257 1878 mer:-

1336 1893 1374 1927 fis
1385 1892 1470 1927 Maii
1484 1887 1646 1925 MDLX.
1663 1889 1697 1923 in
1711 1888 1798 1925 locis
1809 1889 1978 1926 consuetis
1996 1891 2169 1938 publicati,
2183 1903 2261 1928 ava-

1336 1941 1443 1976 ritiam
1467 1938 1618 1974 omnium
1644 1939 1806 1972 malorum
1830 1937 2000 1985 pessimum
2021 1951 2142 1986 genus,
2169 1942 2256 1977 inter

1337 1989 1478 2025 dsseffitos
1495 1986 1584 2023 filios
1605 1985 1700 2021 almae
1725 1985 1816 2020 urbis
1838 1985 1961 2023 nos’trae
1976 1987 2148 2033 praedietae
2169 2001 2255 2024 mer.

1338 2048 1472 2073 catores
1487 2034 1574 2070 adeo
1596 2032 1769 2080 serpuisse,
1801 2045 1905 2082 atque
1924 2035 1957 2069 in
1976 2034 2048 2070 dies
2065 2037 2203 2085 serpere,
2217 2047 2259 2073 ut

1337 2086 1402 2133 jam
1423 2085 1557 2119 illorum
1579 2082 1771 2130 unicuique
1787 2082 1892 2124 brevi,
1919 2084 1953 2117 ὅ(
1968 2084 2104 2120 modico
2130 2097 2261 2133 tempo-

1339 2145 1374 2169 re
1400 2131 1542 2180 proximi
1563 2130 1724 2177 jactatum
1738 2129 1902 2166 ditescere
1922 2131 1956 2165 in
1974 2133 2129 2178 pecuniis
2140 2134 2259 2168 Curia-

1337 2182 1426 2216 libus
1445 2178 1593 2229 eiusdem
1614 2178 1726 2220 urbis,
1754 2179 1788 2213 &
1803 2178 1979 2225 praecipue
1999 2179 2177 2229 Cisalpinis
2190 2208 2202 2224 ,
2215 2183 2258 2217 ad

1339 2229 1539 2269 Cambiurn,
1566 2228 1600 2262 &
1617 2226 1838 2269 recambium,
1869 2237 1908 2261 ut
1924 2227 2031 2274 vulgo
2051 2229 2180 2271 dicunt,
2192 2241 2262 2265 mn.

1340 2277 1450 2315 tandis
1478 2274 1657 2311 facillimus
1681 2284 1795 2321 pateat
1817 2276 1951 2311 aditus:
1975 2277 2023 2311 ita
2042 2287 2082 2312 ut
2097 2305 2106 2320 ,
2133 2278 2167 2312 &
2190 2278 2261 2313 Dei

1339 2327 1463 2364 timore
1485 2322 1686 2371 postposito,
1714 2322 1969 2372 animarumque
1987 2324 2116 2361 suarum
2129 2325 2259 2368 solutis,

1341 2387 1383 2410 ac
1397 2373 1598 2409 Christianae
1618 2370 1790 2407 charitatis
1810 2374 1842 2408 δι
1855 2371 2077 2420 Evangelicae
2093 2373 2260 2411 eruditio-

1341 2423 1413 2465 nis,
1440 2432 1508 2471 qua
1527 2422 1617 2456 bona
1638 2420 1736 2455 nobis
1757 2420 1777 2454 a
1804 2420 1886 2455 Deo
1904 2425 2027 2457 collata
2052 2421 2261 2469 indulgentie

1340 2473 1425 2513 bus,
1453 2469 1535 2505 nihil
1559 2468 1643 2504 lucri
1659 2467 1739 2502 inde
1753 2468 1940 2514 sperantes,
1966 2469 2167 2507 charitative
2188 2481 2260 2505 mu.

1342 2527 1438 2554 tuare
1461 2527 1658 2558 monemur,
1683 2516 1816 2562 penitus
1835 2517 2056 2559 immemores,
2068 2529 2138 2555 non
2154 2515 2262 2554 solum

1339 2568 1381 2602 ad
1405 2567 1551 2613 pretium
1572 2565 1694 2600 eisdem
1712 2565 1958 2600 mercatoribus
1971 2566 1990 2599 a
2007 2565 2261 2604 Summis'Pon-

1340 2615 1493 2651 tificibus
1513 2613 1633 2648 nostris
1655 2612 1963 2649 Praedecessoribus
1981 2615 2154 2650 retroactis
2176 2626 2262 2652 tem-

1342 2664 1482 2711 poribus
1508 2662 1687 2697 toleratum
1703 2686 1713 2702 ,
1741 2660 1813 2695 suas
1834 2662 1993 2708 pecunias
2016 2661 2062 2699 ad
2074 2663 2262 2705 cambium„

1343 2712 1377 2747 <Sc
1407 2711 1610 2745 recambium
1640 2707 1836 2755 hujusmodi
1868 2709 2065 2746 Curialibus
2092 2710 2263 2758 praedistis

1342 2759 1510 2795 dederint.
1549 2758 1679 2793 Verum
1704 2756 1803 2791 etiam
1819 2757 1850 2792 in
1873 2757 2119 2804 praesentiarum
2133 2758 2206 2794 illas
2220 2755 2263 2794 ad

1343 2809 1446 2854 longe
1468 2806 1649 2852 majorem,
1677 2805 1711 2839 &
1731 2804 1825 2839 nimis
1846 2805 2040 2840 excessivam
2059 2806 2263 2854 penitusque

1342 2854 1519 2891 usurariam
1531 2881 1541 2896 ,
1567 2865 1607 2888 ac
1624 2852 1842 2889 Christianam
1859 2853 2096 2900 profitentibus
2108 2853 2264 2902 Religio-

1342 2916 1419 2939 nem
1436 2929 1445 2944 ,
1474 2901 1574 2938 sacris
1590 2901 1788 2936 canonibus
1811 2901 2033 2943 interdistam,
2047 2913 2153 2951 atque
2168 2902 2265 2938 dam-

1344 2962 1454 2987 natam
1471 2950 1626 2984 summam
1654 2951 1732 2984 dare
1751 2961 1938 2991 conantur,
1965 2950 2057 2985 unde
2069 2949 2196 2993 evenit,
2223 2960 2265 2986 ut

1344 2999 1480 3047 plurimi
1499 2997 1600 3033 diflae
1617 2997 1709 3032 urbis
1724 2996 1888 3040 Curiales,
1915 2997 1980 3032 fiac
1992 2997 2183 3036 necessitate
2205 2999 2269 3040 co-

1343 3047 1404 3083 aeti
1419 3073 1430 3089 ,
1457 3045 1585 3082 easdem
1607 3044 1768 3092 pecunias
1787 3045 1849 3083 sub
1869 3057 1934 3082 tarn
1957 3047 2053 3093 gravi
2071 3041 2269 3082 foenoreac·

1346 3095 1534 3142 cipientes,
1574 3095 1608 3129 &
1638 3105 1700 3140 pro
1723 3093 1858 3128 illorum
1882 3095 1996 3129 amicis
2024 3095 2268 3133 mercatoribus

1331 3142 1498 3191 ‘praefatis
1519 3141 1757 3189 fidejubentes‚
1780 3141 1861 3177 acse
1875 3142 1908 3176 in
1919 3141 2071 3189 ampliori
2086 3139 2266 3187 formaCa-

1345 3203 1448 3226 merae
1465 3190 1683 3238 Apostolicae
1705 3189 1898 3237 obligantes
1911 3216 1920 3232 ‚
1948 3201 2019 3226 tum
2035 3190 2082 3225 ob
2099 3190 2189 3227 varia
2211 3189 2268 3235 iti-

1347 3250 1463 3274 nerum
1490 3238 1657 3286 pericula,
1683 3247 1752 3274 tum
1771 3238 1871 3273 etiam
1888 3238 1972 3273 aeris
1987 3237 2122 3273 diversis
2135 3239 2168 3274 in
2182 3237 2268 3277 loci:

1348 3287 1598 3333 intemperiem,
1626 3284 1811 3333 pecunias,
1837 3290 1911 3333 (ut
1942 3286 2185 3334 premittitur)
2207 3297 2266 3321 ac·

1348 3346 1486 3382 ceptas,
1515 3334 1630 3371 iisdem
1654 3334 1896 3371 mercatoribus
1915 3344 2066 3382 tempore
2091 3343 2267 3371 convento

1349 3382 1490 3418 reddere
1506 3392 1717 3431 nequeuntes
1728 3407 1738 3422 ,
1765 3382 1905 3417 maxima
1920 3394 1998 3418 cum
2012 3382 2146 3417 illorum
2159 3379 2267 3429 jaRu-

1348 3442 1381 3464 ra
1392 3431 1434 3466 ad
1446 3431 1640 3467 eorumdem
1655 3440 1880 3466 mercatorum
1893 3430 2179 3478 importunitatem
2191 3431 2269 3477 plu·

1350 3479 1411 3513 ries
1427 3505 1436 3519 ,
1468 3488 1508 3513 ut
1531 3479 1625 3513 aiunt
1642 3504 1653 3518 ,
1680 3478 1882 3514 recambiare
1905 3478 2034 3520 coacti,
2061 3478 2095 3512 ὃς
2116 3477 2269 3519 nonnulli

1350 3527 1449 3561 etiam
1476 3526 1671 3561 carceribus
1695 3524 1920 3562 inhumaniter
1943 3537 2020 3561 cum
2053 3525 2188 3561 illorum
2217 3527 2269 3560 in-

1349 3574 1470 3620 genti,
1499 3584 1569 3610 tum
1593 3573 1767 3620 corporis,
1794 3575 1829 3610 δε
1853 3575 2038 3614 ϋοιιῗοωπι,
2066 3583 2137 3608 tum
2170 3575 2269 3611 etiam

1351 3621 1510 3663 honoris,
1540 3621 1574 3655 δε
1591 3620 1689 3655 samae
1703 3619 1907 3659 detrimento
1921 3647 1931 3663 ,
1956 3620 2120 3657 diuturno
2141 3632 2270 3668 tempo-

1352 3680 1386 3704 re
1405 3668 1688 3716 detentiusuerint.
2191 3715 2228 3751 N

2230 3723 2269 3752 0¹8
