2400 3939
41 2851 85 2892 ⁶9

490 167 538 236 5.
558 172 830 244 LQuaestio
847 166 1308 241 V11.Par.11.Ampl.
1334 166 1401 222 Xss

83 246 119 280 in
145 242 226 280 auro
256 246 405 294 quinque
419 247 616 295 stamparum
631 274 639 287 ,
654 259 754 296 prout
781 249 842 285 hos
870 261 985 284 omnes
1005 260 1061 281 va-

85 295 182 334 lores,
197 298 231 328 ὃ(
245 297 363 343 pretia,
377 295 460 331 scuti
477 298 515 331 de
530 298 666 338 marche,
682 297 800 333 clarius
821 325 830 339 ,
851 302 884 332 δέ
903 298 997 332 latius
1010 310 1063 330 ex-

88 344 208 391 plicavi
219 347 312 390 jnfra
325 347 696 393 §seqq.glos.3.num.69.
714 347 802 395 finge
817 345 1013 394 nunc‚quod
1027 347 1062 380 in

87 395 239 430 Civitate
261 398 385 430 Genuae
403 394 511 431 scutus
539 398 750 432 marcharum
766 400 803 431 in
831 399 958 431 ratione
976 409 1062 429 cam-

90 443 222 478 biorum
237 445 272 478 in
287 447 458 479 communi
474 447 549 481 foro
565 447 601 481 iit
615 448 814 493 appretiatus
831 444 888 481 sol.
909 450 952 479 66
980 445 1062 479 .d.8.

91 497 125 526 &
140 492 181 527 fic
195 496 392 540 appretiatus
418 494 456 529 sit
474 496 579 531 solido
593 509 662 531 uno
678 522 686 534 ,
701 500 734 530 &
750 497 892 531 denariis
917 507 1063 542 quatuor

91 545 204 577 minus
221 556 322 589 quam
351 543 456 580 valcat
471 561 484 584 ‚-
512 547 628 594 utique
645 547 788 593 pretium
813 546 934 581 cambii
950 546 1064 579 dicen-

93 592 192 626 tur-hi
211 591 332 629 solidus
361 607 469 635 unus,
486 598 519 629 ὃς
546 597 672 630 denarii
697 595 933 643 quatuor:qui
957 595 1063 629 detra-

92 642 236 682 huntur,
251 647 280 676 δέ
299 642 373 678 sunt
394 648 447 680 16.
461 645 614 686 denarii,
637 649 671 680 ὅ(
689 646 830 692 proinde
855 645 1014 680 laefioucm
1029 645 1065 677 in

92 692 224 727 cambio
239 694 408 727 metientes
421 706 459 727 ex
475 694 583 740 solido
605 708 673 730 uno
692 724 701 736 ‚
722 699 755 730 δε
778 696 920 731 denariis
944 706 1064 741 quatu-

93 755 132 777 or
150 744 183 776 in
199 742 347 790 quolibet
376 741 467 778 scuto
494 744 698 780 marcharum
716 772 724 784 ,
750 744 770 780 si
788 746 895 780 scutus
916 743 1065 778 marcha-

95 805 169 827 rum
185 793 342 827 vendatur
354 792 476 829 soles.
491 794 563 830 den.
581 797 612 834 8.
626 798 659 828 δε
672 794 781 831 adhuc
797 795 936 830 denariis
954 807 985 837 9.
1001 791 1065 826 rni—

95 854 167 879 nus,
182 841 217 875 id
231 844 322 880 est,in
336 854 442 877 totum
460 842 505 878 sol
524 849 590 880 2.&
607 844 700 880 den.1
721 844 973 884 minus,dicetur
987 855 1065 876 ven-

95 890 286 927 ditorlaesus
303 891 386 926 ultra
400 892 579 928 dimidium
595 896 666 929 iusti
682 896 790 942 pretii.

28 979 30 982 y
146 940 340 976 Subdeclara
349 967 360 982 ,
379 942 614 992 distinguendo
645 944 813 991 duplicem
843 939 981 990 speciem
1010 939 1066 975 lae-

27 977 72 1013 68
97 989 205 1026 sionis.

145 1041 253 1075 Prima
266 1039 384 1088 species
400 1040 457 1082 est,
470 1041 604 1089 quando
618 1041 746 1076 laeditur
758 1042 785 1076 is
803 1068 813 1082 ‚
828 1043 886 1089 qui
899 1040 979 1075 emit
995 1037 1066 1073 scu-

94 1100 146 1125 tos
161 1091 368 1127 marcharum
382 1117 392 1132 ,
415 1091 495 1125 idest
506 1117 516 1131 ,
535 1092 561 1126 is
574 1117 586 1133 ,
603 1093 662 1140 qui
677 1091 731 1127 dat
755 1093 908 1138 pecunias
925 1089 966 1124 ad
981 1101 1064 1123 cam-

94 1138 202 1177 bium.

144 1189 292 1224 Secunda
305 1187 423 1236 species
439 1190 482 1224 est
494 1215 505 1229 ,
519 1190 656 1237 quando
670 1189 798 1226 laeditnr
812 1193 840 1226 is
854 1218 862 1230 ,
877 1190 936 1238 qui
954 1186 1067 1222 vendit

95 1236 203 1274 scutos
218 1238 433 1276 marcharum,
447 1239 536 1276 idest,
549 1241 650 1287 is‚qui
665 1243 784 1289 accipit
796 1241 938 1276 cambio.

158 1288 266 1335 Capio
292 1289 431 1335 primam
458 1287 596 1336 speciem
621 1294 654 1324 δέ
682 1292 848 1326 concludo
873 1290 1064 1325 indubitan-

96 1348 159 1378 ter,
175 1338 244 1386 quo
258 1349 399 1385 emptor,
416 1338 449 1372 id
466 1340 508 1373 est
525 1363 535 1378 ,
549 1341 575 1373 is
591 1365 598 1376 ‚
615 1342 674 1387 qui
690 1341 746 1376 dat
760 1341 801 1376 ad
816 1340 980 1376 cambium
996 1352 1066 1386 ‚po—

96 1388 183 1423 testa
199 1388 368 1422 venditore
382 1387 469 1423 licite
483 1401 549 1423 tam
574 1390 609 1422 in
629 1389 703 1425 foro
721 1391 785 1426 fori
802 1417 810 1429 ‚
838 1403 938 1439 quarn
951 1391 987 1424 in
1013 1388 1067 1424 fo-

98 1449 137 1472 ro
150 1439 218 1485 poli
232 1438 304 1472 laedi
318 1441 353 1473 in
380 1440 486 1486 pretio
514 1438 634 1474 cambii
648 1466 658 1480 ,
685 1441 862 1476 vendendo
889 1439 938 1474 illi
962 1441 1068 1474 carius

98 1487 186 1522 iusto
201 1488 307 1535 pretio
320 1515 326 1526 ‚
339 1489 384 1522 ita
407 1501 440 1523 ut
458 1486 479 1521 si
494 1489 613 1534 justum
630 1487 707 1524 scuti
739 1490 946 1526 marcharum
966 1492 1067 1536 preti-

99 1548 159 1571 um
173 1537 234 1572 sint
248 1537 363 1572 sol.66i
380 1538 454 1572 den.
474 1539 504 1572 8.
521 1538 615 1584 possit
632 1541 659 1573 ei
675 1542 776 1575 vendi
791 1553 851 1588 pro
867 1539 922 1574 sol.
941 1547 993 1582 67.
1006 1538 1068 1574 sive

100 1590 158 1630 67.
174 1591 207 1621 &
223 1601 244 1629 4
273 1591 306 1621 δε
332 1589 377 1622 ita
392 1589 584 1634 prasticatur
599 1588 708 1634 passim
724 1616 732 1627 ,
747 1590 883 1638 quando
896 1602 1025 1636 emptor
1037 1603 1069 1623 e·

98 1638 161 1671 mit
173 1634 192 1671 ἃ
206 1637 353 1671 debitore
369 1638 503 1674 idoneo,
516 1640 573 1684 qui
591 1637 638 1678 sit,
653 1652 687 1674 ut
701 1640 895 1687 loquuntur,
910 1638 985 1673 bona
1000 1641 1069 1674 det-

98 1697 145 1726 ta,
163 1684 211 1721 seu
225 1689 300 1722 bona
308 1689 431 1726 lettera,
444 1688 523 1737 quia
537 1688 573 1726 is,
588 1701 623 1722 ut
633 1688 731 1724 habes
745 1691 778 1724 in
793 1687 950 1725 discursu„
970 1702 1069 1736 quem

99 1737 299 1783 retulijnfta
319 1745 346 1777 ξ.
363 1753 391 1782 9.
406 1751 487 1773 num.
511 1751 566 1778 40.
585 1736 710 1773 scutum
724 1740 930 1774 marcharum
946 1737 1070 1787 semper

98 1787 283 1821 rationetur
303 1799 391 1826 uno,
419 1788 469 1823 vel
495 1787 626 1822 duobus
662 1789 804 1824 denariis
829 1790 951 1836 pluris,
968 1800 1069 1836 quam

99 1835 137 1872 sit
149 1836 271 1882 justum
295 1838 436 1883 pretium
452 1864 461 1879 ,
480 1838 514 1869 δέ
530 1836 570 1871 sic
586 1839 698 1873 vendit
714 1838 806 1874 suum
832 1839 958 1874 scutum
984 1852 1070 1873 mar-

94 1886 237 1921 charum
254 1884 356 1934 pluris
377 1889 463 1935 justo
478 1889 583 1931 pretio
600 1913 610 1928 ,
631 1891 664 1922 &
678 1888 900 1924 erubescerent
913 1890 985 1924 bone
1009 1892 1069 1924 let„

98 1947 164 1971 tere
178 1962 186 1973 ‚
203 1948 238 1971 ut
268 1936 380 1971 audivi
410 1937 449 1972 ab
477 1935 549 1981 ipfis
577 1939 810 1974 mercatoribus
825 1966 834 1980 ‚
854 1941 999 1986 accipere
1029 1938 1070 1972 ad

98 1985 264 2021 cambium
279 1988 398 2034 pretio,
415 1985 508 2036 quod
526 1999 655 2028 vocant,
669 1992 702 2024 al
715 2004 799 2023 aomo
817 2016 825 2027 ,
851 1992 929 2038 quia
946 1989 1070 2036 semper

97 2035 203 2084 pluris
230 2037 314 2072 valet
339 2040 480 2084 pecunia
495 2060 506 2075 ‚
523 2035 634 2072 debita
660 2037 700 2072 ab
729 2040 852 2074 idoneo
891 2039 1038 2074 debitore
1058 2064 1068 2078 ‚

98 2098 200 2134 quam
216 2086 320 2122 valeat
331 2090 472 2132 pecunia
485 2109 496 2125 ,
518 2085 629 2122 debita
645 2087 662 2121 a
686 2089 774 2124 malo
790 2090 940 2124 debitore
954 2115 964 2129 ‚
981 2101 1014 2124 ut
1031 2102 1067 2123 o-

98 2135 203 2171 stendi
215 2135 274 2170 hac
286 2136 384 2184 ιαὼς.
393 2151 464 2188 par,
476 2137 659 2186 pracedenti
671 2138 745 2184 ‚fida
758 2152 838 2175 num.
854 2153 910 2183 77.
921 2141 1068 2187 verspri-

97 2188 408 2230 ma‚num.78.79.&
424 2190 478 2224 80.
585 2221 609 2244 ι

149 2237 252 2271 Ratio
281 2237 383 2283 hujus
408 2236 626 2273 conclusionis
653 2262 664 2277 ‚
697 2251 798 2286 quare
820 2247 949 2284 emptor
975 2237 1070 2284 possit

97 2284 189 2320 licite
202 2285 273 2320 laedi
289 2288 325 2321 in
337 2288 444 2333 pretio
459 2289 477 2323 ὲ
493 2287 817 2335 venditore,est‚quia
830 2288 911 2321 dans
926 2286 966 2320 ad
981 2300 1070 2328 carn-

97 2333 191 2370 bium
205 2362 214 2375 ‚
232 2339 267 2371 &
286 2335 328 2372 sic
345 2350 476 2384 emptor
490 2363 500 2377 ,
523 2338 653 2373 videtur
679 2338 933 2386 quodammodo
954 2335 1072 2373 habete

96 2384 270 2434 personam
293 2390 497 2425 mutuantis,
523 2386 652 2436 hacque
677 2389 718 2423 de
741 2385 857 2428 causa,
883 2399 958 2421 cum
992 2389 1019 2421 is
1035 2386 1071 2421 sit

97 2435 240 2470 creditor
251 2437 287 2470 in
305 2437 434 2484 capitali
452 2466 460 2479 ,
475 2440 509 2471 &
525 2437 660 2472 ulterius
686 2440 721 2473 in
735 2438 848 2485 aliqua
869 2435 1046 2471 accessione
1060 2462 1070 2477 ,

99 2485 221 2520 cambii
247 2489 432 2522 contractus
460 2490 547 2523 inter
573 2489 671 2523 Do&
692 2492 725 2522 &
751 2485 943 2535 Theologos
973 2488 1072 2521 innu-

99 2537 198 2570 meris
212 2536 353 2584 agitatur
377 2536 609 2573 controuersiis
628 2552 635 2573 :
662 2541 695 2572 δε
711 2537 949 2585 consequenter
963 2559 974 2574 ,
993 2535 1072 2570 sicut

101 2586 137 2620 iri
155 2588 324 2621 contractu
340 2589 448 2622 mutui
473 2600 542 2621 non
559 2587 782 2622 consideratur
796 2613 807 2626 ‚
835 2585 889 2622 sed
916 2585 1074 2621 toleratur

102 2634 188 2671 laefio
200 2633 380 2683 spontanea
396 2638 514 2684 passiva
528 2638 563 2671 in
577 2635 762 2672 mutuatore
773 2661 783 2676 ,
799 2638 843 2671 ita
866 2647 902 2671 ut
919 2635 1009 2670 nulla
1023 2638 1074 2670 in-

104 2685 146 2720 de
158 2683 289 2720 resultet
317 2688 477 2734 iniquitas
492 2711 503 2727 ‚
528 2688 607 2734 quia
633 2699 789 2722 mutuum
819 2687 863 2721 est
888 2688 1074 2721 contractus

105 2736 268 2784 gratutius
285 2761 294 2775 ,
310 2736 353 2770 ita
375 2738 474 2772 etiam
504 2749 573 2771 non
600 2736 820 2773 consideratur
846 2735 931 2771 laesio
953 2736 1074 2783 paffiua

106 2782 285 2833 spontanea
299 2786 333 2819 in
343 2799 395 2827 eo,
408 2792 465 2834 qui
479 2786 535 2821 dat
550 2786 591 2820 da
600 2787 775 2822 cambium.

156 2833 380 2871 confirmatur
405 2837 473 2872 haec
495 2835 661 2872 conclusio
676 2863 684 2875 ,
712 2838 792 2886 quia
817 2835 882 2871 hoc
901 2834 989 2870 idem
1005 2835 1075 2884 pas-

109 2884 168 2920 sim
182 2884 324 2920 seruatur
337 2887 372 2920 in
385 2888 556 2923 contraetu
569 2886 682 2922 census
699 2901 706 2922 :
725 2900 801 2922 nam
815 2885 870 2921 etsi
883 2885 901 2920 ὲ
921 2885 991 2934 lege
1005 2900 1074 2933 per-

108 2932 240 2972 missum
256 2934 293 2970 sit
304 2960 314 2975 ‚
331 2937 397 2970 emi
421 2934 554 2972 censum
570 2937 611 2972 ad
624 2939 787 2973 rationem
802 2936 915 2971 decem
928 2949 988 2984 pro
1002 2950 1077 2971 cen-

110 2986 251 3025 tenario,
263 2987 312 3020 uti
327 2987 448 3022 iustum
464 2989 621 3035 pretium,
643 3000 752 3022 tamen
769 2987 873 3035 potest
903 2986 1054 3021 venditor
1068 3013 1077 3026 ‚

108 3034 259 3071 laedendo
273 3047 480 3084 emptorem,
507 3038 612 3073 carius
638 3038 803 3079 vendere;
830 3049 947 3084 nempe
971 3036 1013 3070 ad
1026 3050 1076 3071 ra-

107 3086 239 3136 tionem
253 3086 342 3126 octo,
357 3085 490 3134 septem,
505 3086 554 3122 sex
567 3114 579 3128 ‚
596 3091 630 3122 δε
645 3090 798 3136 quinque
809 3112 819 3127 ,
834 3087 924 3122 iuxta
949 3086 1078 3121 idonei-

109 3146 210 3171 tatem
225 3133 323 3182 ipsius
337 3161 346 3177 ‚
359 3137 418 3184 qui
432 3138 545 3173 vendit
555 3137 685 3173 censum
702 3154 709 3175 :
723 3137 744 3172 si
756 3138 845 3172 enim
861 3138 888 3171 is
911 3136 1026 3171 habeat
1038 3150 1077 3171 0-

109 3196 167 3235 pes
184 3198 333 3234 magnas,
346 3191 376 3222 &
392 3199 476 3222 tutas
490 3191 524 3222 ὃ(
548 3186 643 3224 facile
657 3187 698 3222 ab
721 3201 761 3222 eo
776 3185 888 3222 census
901 3187 986 3235 exigi
1002 3185 1077 3234 pos-

110 3233 254 3283 fit,puta,
267 3237 346 3283 quia
359 3235 396 3272 sit
408 3236 520 3284 aliqua
536 3237 723 3272 universitas
739 3264 749 3277 ,
763 3236 819 3274 vel
831 3236 912 3272 alius
926 3237 1077 3284 undique

110 3284 252 3320 idoneus
263 3284 394 3322 futurus
409 3285 551 3334 debitor,
564 3288 682 3335 utique
697 3289 723 3322 is
737 3288 843 3323 carius
856 3286 970 3322 vendit
985 3300 1024 3322 ne
1031 3301 1078 3322 m-

109 3346 154 3383 pe
170 3360 182 3376 ‚
195 3335 328 3371 censum
346 3338 498 3385 quinque
520 3336 685 3373 scutorum
711 3337 830 3374 vendet
842 3338 949 3385 pretio
969 3335 1078 3373 scuto-

111 3387 188 3420 ru'm
201 3397 348 3428 centum,
361 3391 395 3423 δε
410 3385 452 3421 sic
464 3399 591 3434 emptor
603 3389 708 3423 carius
721 3399 806 3423 emet
824 3401 838 3426 ‚-
864 3385 952 3422 secus
966 3385 986 3421 si
1000 3400 1078 3422 ven-

111 3434 194 3470 dens
207 3447 277 3470 non
285 3435 322 3471 sit
331 3437 378 3472 ita
391 3437 627 3485 idoneus,quia
640 3438 740 3473 vilius
753 3437 886 3479 vendet,
899 3438 1081 3484 πεφρικέ-

110 3481 182 3525 sum
217 3487 294 3524 osto
332 3485 499 3523 scutorum
528 3487 649 3524 vendet
682 3502 744 3537 pro
776 3488 883 3536 pretio
914 3485 1081 3523 scutorum

111 3544 269 3575 centumi
282 3537 378 3585 quod
391 3536 482 3574 idem
509 3537 663 3575 videmus
688 3537 874 3589 aliquando
895 3535 1016 3574 seruari
1039 3539 1077 3575 in

1991 188 2015 213 Ἀ
2035 180 2050 227 3
2073 180 2089 227 3

1124 246 1294 280 contractu
1311 244 1470 279 societatis
1486 241 1600 282 officii,
1615 240 1693 287 quia
1706 237 1726 272 si
1744 238 1782 276 is,
1801 237 1859 285 qui
1876 236 1945 270 vu‘it
1966 238 2096 282 accipe-

1126 307 1159 328 re
1186 295 1340 340 pecunias
1353 293 1395 327 ad
1421 292 1606 327 societatem
1621 287 1744 325 officii,
1776 297 1810 322 iit
1844 285 2096 322 ‹facultatibusi-

1125 344 1251 378 donetis
1267 369 1275 381 ‚
1298 341 1445 377 inveniet
1471 354 1523 375 eas
1540 342 1581 376 ad
1610 339 1769 372 rationem
1799 338 1954 372 undecim
1972 361 1981 374 1
2006 339 2037 368 δέ
2054 348 2094 368 (Ὀ

1126 394 1236 428 minus
1266 406 1326 438 pro
1354 393 1565 430 centenario,
1596 387 1684 436 quasi
1710 387 1758 420 lex
1776 386 1935 420 eiusmodi
1964 396 2094 438 contr:-

1129 441 1234 477 &ibus
1248 444 1390 476 statuerit
1406 441 1612 476 latitudinem
1636 437 1733 484 pretii
1747 435 1788 469 ad
1815 435 1966 469 favorem
1986 435 2092 468 solum

1126 492 1300 526 vendentis
1329 490 1481 528 censum,
1499 495 1551 524 len
1574 487 1763 533 accipientis
1791 486 1963 531 pecuniam
1980 485 2016 518 in
2042 483 2093 517 so·

1108 541 1275 576 'cietatem
1295 567 1306 582 ,
1330 541 1374 576 ita
1392 553 1427 575 ut
1451 539 1661 587 quantumvis
1683 548 1801 583 magna
1815 535 1886 567 esic-t
1900 532 1985 566 laefio
2010 545 2093 566 con-

1127 600 1175 624 tra
1188 604 1349 625 ementem
1372 589 1504 625 censum
1522 615 1531 629 ,
1563 587 1613 622 sen
1628 587 1758 621 dintem
1774 584 1946 631 pecuniam
1961 583 1997 615 in
2012 579 2093 614 soci-

1127 651 1244 674 etatem
1259 667 1268 681 ‚
1292 653 1359 674 non
1377 652 1547 687 propterea
1561 649 1706 684 unquam
1723 635 1872 687 decernat
1887 632 2094 686 commistum

1128 688 1282 724 illicitum
1300 702 1399 737 prout
1413 690 1559 723 decernit
1574 712 1584 726 ‚
1610 685 1746 733 quando
1763 684 1844 717 laelio
1869 694 1966 715 etiam
1983 680 2094 735 modi-

1128 752 1164 772 ca
1177 738 1249 774 esset
1262 751 1376 774 contra
1391 739 1597 776 vendentem,
1612 735 1663 770 seu
1678 734 1895 780 accipientem
1914 742 2067 777 pecunias
2081 743 2094 766 ς

1127 801 1229 834 quare
1244 792 1397 823 Nicolmaes
1411 793 1448 823 V.
1471 791 1503 821 in
1521 786 1730 831 constitutivae
1750 786 1843 828 saper
1871 781 2021 836 cevfibush,
2037 792 2095 834 an-

1128 839 1264 873 nuendo
1289 839 1391 885 Regis
1419 836 1626 883 suplicationi
1660 860 1669 874 ‚
1700 831 1859 880 permittit
1900 828 2095 878 Regnicolis

1128 888 1163 920 in
1179 889 1287 923 Sicilia
1303 889 1506 922 conti-aerum
1521 884 1632 920 census
1656 883 1858 923 ‚dummodo
1873 893 2000 914 annuus
2016 891 2092 933 cen-

1128 934 1178 970 sus
1192 939 1352 972 decimam
1380 950 1502 984 partem
1530 933 1719 983 principalis
1733 932 1852 978 recepti
1873 956 1881 969 ,
1897 928 1948 963 seu
1961 930 2056 976 pretii
2084 954 2094 967 ,

1129 999 1196 1020 non
1211 988 1342 1022 excedat
1357 1016 1363 1026 ,
1381 988 1413 1021 id
1428 988 1469 1022 cst
1482 1014 1489 1027 ‚
1507 983 1693 1020 dummodo
1708 983 1852 1028 pretium
1868 993 1937 1012 non
1963 977 2095 1012 excedat

1129 1035 1240 1070 decern
1264 1050 1325 1084 pro
1352 1037 1540 1072 centenario
1554 1061 1564 1075 ,
1584 1033 1677 1082 quod
1692 1031 1777 1066 idem
1810 1032 1980 1065 Martinus
2006 1031 2043 1061 V.
2056 1027 2095 1062 ό·

1127 1087 1257 1131 Caelzstns
1272 1091 1325 1123 [ΙΙ.
1350 1087 1580 1134 predecessores
1608 1081 1831 1130 disposuerant
1853 1083 1885 1114 in
1909 1090 2008 1112 eorum
2024 1089 2095 1111 con-

1119 1135 1332 1180 stitutionibus
1349 1152 1403 1184 que
1413 1141 1593 1184 repriumur
1605 1138 1942 1177 inter,ex1ravagamei
1955 1131 1988 1162 in
2003 1126 2097 1160 undo

1128 1198 1217 1236 emp&
1234 1193 1271 1226 ὠ
1285 1188 1378 1223 vend.
1404 1188 1487 1221 inter
1512 1198 1593 1233 quas
1619 1195 1730 1220 tamen
1758 1193 1826 1215 non
1851 1178 1936 1213 adest
1963 1175 2096 1224 praefata

1128 1238 1211 1271 Ntco
1226 1249 1259 1271 at
1274 1242 1311 1272 V.
1339 1238 1509 1282 constitutio
1524 1250 1530 1270 :
1546 1232 1703 1280 disposuit
1727 1244 1805 1278 ergo
1823 1232 1990 1265 Martinus
2000 1231 2039 1260 V.
2059 1237 2096 1260 ut

1128 1285 1257 1320 validus
1272 1287 1306 1321 iit
1321 1286 1433 1322 census
1450 1286 1490 1320 ad
1513 1285 1673 1320 rationem
1689 1309 1698 1322 ,
1713 1285 1746 1315 δέ
1761 1293 1820 1328 pro
1847 1278 1997 1328 qualibet
2010 1288 2096 1310 mar·
2122 1326 2126 1329 ι

1130 1335 1191 1369 cha
1208 1339 1308 1371 annui
1322 1336 1434 1372 census
1452 1335 1577 1373 decem,
1592 1333 1758 1370 undecim,
1776 1330 2094 1376 tredecim,quantu-

1127 1385 1272 1420 ordecim
1289 1387 1437 1428 marchae,
1449 1398 1507 1421 aut
1519 1385 1591 1432 plus
1604 1412 1610 1422 ‚
1628 1382 1678 1417 vel
1690 1383 1802 1416 minus
1816 1378 1996 1414 secundum
2010 1389 2095 1413 tem-

1129 1437 1218 1482 poris
1242 1437 1436 1483 qualitatem
1462 1462 1471 1474 ,
1499 1447 1598 1481 prout
1621 1431 1680 1480 ipsi
1704 1429 1931 1466 contrahentes
1956 1429 2042 1484 inter
2064 1424 2095 1462 se

1130 1489 1481 1533 convenerant,cujtis
1506 1484 1714 1520 Martiniauae
1749 1481 1994 1515 constitutionis
2023 1489 2095 1511 ver-

1128 1533 1169 1574 ba
1182 1535 1272 1570 hunc
1287 1536 1407 1571 habent
1435 1532 1562 1570 sensum
1578 1561 1586 1572 ,
1611 1544 1648 1567 ut
1663 1530 1796 1566 marcha
1809 1543 1874 1564 una
1901 1522 2014 1564 census
2036 1538 2096 1582 an-

1130 1585 1164 1619 ni
1179 1585 1270 1632 pessit
1282 1588 1346 1620 emi
1375 1586 1487 1620 decem
1502 1611 1510 1622 ,
1525 1583 1678 1620 undecim
1693 1607 1703 1622 ‚
1720 1580 1896 1616 duodecim
1913 1605 1923 1619 ‚
1937 1576 2096 1632 tredecim

1130 1637 1164 1668 &
1183 1635 1437 1682 quatuordecim
1453 1633 1592 1669 marchis
1606 1658 1616 1672 ,
1633 1631 1724 1679 quod
1738 1631 1826 1666 idem
1843 1628 1897 1668 est,
1911 1641 1947 1663 ac
1961 1624 1988 1662 fi·
2003 1626 2098 1683 dice-

1129 1696 1237 1724 retur,
1265 1699 1413 1721 aunuum
1439 1682 1570 1720 censum
1596 1684 1695 1721 unius
1718 1682 1805 1716 aurei
1834 1677 1920 1727 posse
1946 1690 2012 1712 emi
2039 1675 2098 1710 de-

1131 1747 1201 1769 cem
1219 1761 1228 1775 ,
1259 1735 1413 1769 undecim
1440 1760 1448 1772 ‚
1475 1733 1675 1777 duodecim,
1703 1730 1883 1769 tredecim,
1903 1727 1952 1762 vel
1977 1737 2098 1774 quatu-

1131 1784 1277 1819 ordecim
1303 1787 1408 1819 aureis
1431 1809 1441 1824 ,
1467 1796 1503 1819 ac
1527 1781 1667 1831 proinde
1689 1792 1838 1814 annuum
1877 1776 2013 1825 pensum
2039 1775 2099 1809 de·

1131 1847 1200 1868 cem
1222 1847 1395 1869 aureorum
1422 1834 1501 1867 iuste
1527 1833 1592 1867 emi
1622 1843 1752 1866 centum
1783 1830 1887 1864 aureis
1908 1853 1917 1868 ,
1943 1826 1996 1861 vel
2022 1838 2098 1859 cen-

1131 1896 1200 1919 tum
1225 1888 1257 1918 &
1274 1885 1386 1918 decem
1401 1881 1503 1931 usquc
1520 1884 1555 1917 in
1569 1893 1701 1917 centum
1714 1906 1722 1919 ‚
1749 1883 1781 1913 &
1803 1877 2025 1927 quadraginta
2039 1887 2095 1909 au-

1129 1948 1201 1969 reos
1218 1961 1228 1974 ‚
1246 1947 1280 1968 ut
1295 1961 1304 1974 ,
1319 1934 1438 1968 horum
1454 1931 1628 1967 verborum
1640 1930 1724 1965 mala
1751 1928 1963 1977 quorundam
1993 1927 2096 1959 inter-

1129 1986 1312 2032 pretatione
1338 1984 1492 2018 adnotata
1505 2009 1514 2021 ‚
1538 1981 1675 2019 advertit
1682 1983 1730 2023 jo.
1760 1982 1861 2013 Azor.
1874 1978 1910 2011 de
1919 1974 2021 2022 jnstit.
2035 1989 2098 2031 mq-

1129 2037 1283 2080 ral.p'ar.3
1294 2034 1358 2070 dib.
1382 2033 1523 2068 io.tit.de
1540 2030 1644 2077 cenfib.
1657 2041 1724 2077 cap.
1740 2029 1838 2076 8.q.4.
1855 2027 1968 2074 haeque
1979 2025 2098 2060 consti-

1130 2086 1274 2119 tutiones
1288 2083 1400 2131 quoad
1415 2083 1556 2129 pretium
1575 2080 1762 2116 servantur:
1781 2082 1813 2112 ὃς
1837 2076 1929 2125 quod
1956 2076 2098 2123 pretium

1130 2134 1242 2169 decem
1269 2147 1332 2181 pro
1352 2134 1540 2168 centenario
1564 2130 1601 2167 sit
1619 2131 1762 2179 justuum
1777 2154 1785 2166 ‚
1825 2126 1971 2175 sequitui·
1996 2125 2099 2171 Parzjl

1129 2186 1369 2231 cons.75.omm's
1383 2183 1650 2230 dz'fficnltasmnm.
1665 2180 1761 2224 29.&
1784 2177 1965 2222 3o.lib.4.&
1984 2173 2055 2231 post
2066 2187 2101 2208 e-

1131 2248 1188 2269 um
1206 2236 1299 2270 Surd.
1315 2235 1393 2280 cons.
1409 2238 1483 2267 162.
1498 2234 1634 2267 memini.
1661 2243 1703 2274 34
1728 2228 1782 2264 lib.
1801 2244 1830 2262 ι.
1856 2225 1909 2261 sed
1924 2223 2102 2281 in·H.1spa-

1133 2286 1189 2319 nia
1218 2285 1322 2332 legale
1338 2314 1347 2325 ,
1375 2283 1518 2330 ideoque
1548 2279 1747 2328 jndivisibile
1767 2274 1880 2312 census
1903 2273 2100 2310 redimibilis

1132 2337 1275 2381 pretium
1301 2348 1340 2369 ex
1367 2336 1595 2380 Recepilatione
1621 2343 1701 2364 nova
1723 2331 1825 2376 legum
1854 2326 1981 2371 Casteslae
1995 2323 2051 2360 lib.
2070 2337 2101 2368 5Β

1134 2386 1178 2420 ita
1191 2383 1454 2432 computandum
1470 2382 1528 2417 esse
1545 2407 1554 2421 ,
1577 2392 1614 2415 ut
1628 2379 1705 2415 sorti
1726 2391 1779 2418 14.
1808 2375 1951 2411 millium
1965 2375 2099 2421 dupon—

1131 2435 1263 2470 diorum
1277 2435 1366 2470 mille
1396 2432 1571 2479 dispondia
1596 2430 1776 2478 quotannis
1803 2428 1838 2461 in
1865 2424 2018 2473 pensione
2051 2436 2102 2458 re·

1133 2485 1314 2532 spondeant
1329 2511 1337 2522 ‚
1360 2483 1471 2518 scribit
1486 2482 1567 2517 Lud.
1584 2485 1697 2532 Lopez.
1717 2479 1754 2512 de
1764 2477 1911 2512 contrahi.
1922 2474 1974 2510 lib.
1987 2488 2015 2509 1.
2032 2484 2101 2520 cap.

1136 2537 1192 2581 58.
1210 2535 1290 2580 vers
1303 2539 1389 2570 circa
1403 2534 1493 2572 hum.
1507 2530 1615 2579 sicque
1634 2530 1774 2577 pretium
1807 2526 1908 2575 legale
1923 2524 2103 2560 secundum

1132 2587 1368 2633 pragmaticam
1382 2584 1470 2618 illius
1485 2583 1594 2630 Regni
1610 2579 1684 2615 sunt
1705 2592 1756 2620 ¹4-
1773 2590 1833 2624 pro
1844 2589 1926 2615 uno,
1942 2587 1976 2609 ut
1991 2573 2105 2608 adver-

1133 2637 1175 2671 tit
1190 2635 1280 2670 idem
1297 2635 1504 2684 Lopez.d.cap
1521 2633 1576 2678 58.
1586 2631 1754 2680 verfiporro
1767 2630 1888 2675 quim&
1901 2623 2105 2679 consequen:

1134 2698 1181 2720 ter
1196 2699 1261 2720 una
1275 2698 1384 2720 annua
1410 2683 1541 2718 marcha
1567 2681 1636 2716 auri
1665 2692 1734 2714 non
1760 2675 1859 2723 posset
1885 2676 1949 2710 emi
1983 2676 2105 2730 minori

1134 2737 1251 2783 pretio,
1267 2748 1367 2783 quam
1383 2733 1523 2768 marchis
1543 2745 1595 2774 14.
1610 2737 1632 2776 †
1647 2728 1734 2764 unde
1749 2724 2002 2774 sequitunquod
2017 2723 2105 2759 simi-

1134 2787 1181 2821 les
1195 2785 1445 2822 constitutiones
1459 2808 1470 2823 ,
1502 2781 1586 2816 dum
1601 2778 1779 2828 prohibent
1795 2803 1806 2818 ‚
1826 2789 1867 2810 ne
1888 2787 2018 2831 emptor
2031 2772 2106 2821 pos-

1135 2836 1173 2871 sit
1200 2834 1332 2872 censum
1357 2845 1463 2870 emere
1487 2832 1609 2867 minori
1640 2829 1745 2877 pretio
1761 2853 1772 2868 ‚
1793 2830 1827 2862 &
1852 2825 2016 2860 venditori
2033 2837 2108 2871 per-

1136 2887 1298 2924 mittunt,
1331 2897 1368 2920 ut
1395 2882 1492 2932 poffit
1520 2882 1642 2931 quovis
1661 2878 1778 2925 majori
1802 2877 1908 2924 pretio
1924 2873 2074 2931 ‘vendere
2094 2898 2106 2914 ,

1136 2937 1303 2972 venditori
1329 2934 1414 2972 soli,
1439 2936 1474 2967 &
1500 2946 1569 2968 non
1585 2930 1725 2977 emptori
1751 2925 1997 2975 prospexerint,
2012 2924 2107 2971 quod

1137 2988 1234 3022 etiam
1248 2985 1387 3021 advertit
1406 2982 1631 3019 Mich.Sal.ad
1645 2983 1679 3015 D
1693 2974 1935 3022 Thom.2.2.post
1951 2975 2106 3030 q.78.ar:t.

1142 3038 1267 3082 3.tit,de
1280 3035 1382 3081 cenfib.
1398 3044 1511 3068 contr.1
1522 3047 1531 3067 i
1542 3030 1770 3076 ,initio.fol.47
1780 3041 1791 3071 3
1801 3054 1808 3062 .
1824 3030 1857 3062 &
1871 3025 1914 3061 fic
1928 3036 2057 3080 emptor
2069 3036 2107 3057 in

1137 3085 1301 3135 ejusmodi
1331 3082 1539 3120 contractibu
1554 3080 1679 3129 semper
1698 3078 1801 3127 potest
1819 3103 1829 3116 ‚
1858 3087 1895 3111 ut
1911 3075 2001 3114 dist,
2017 3087 2054 3108 in
2067 3085 2107 3109 u-

1133 3149 1258 3184 -troque
1273 3136 1348 3171 foro
1361 3133 1445 3169 laedi.
1919 3177 1927 3183 ·

1187 3188 1287 3222 Ratio
1301 3186 1345 3220 est
1357 3211 1368 3226 ,
1382 3184 1462 3231 quia
1476 3207 1486 3223 ‚
1502 3192 1629 3230 quanto
1647 3182 1752 3228 majus
1776 3178 1820 3212 est
1847 3188 1989 3224 pretium
2001 3198 2012 3214 ,
2037 3185 2111 3222 quo

1137 3249 1267 3285 emptor
1278 3236 1357 3270 emit
1369 3232 1503 3269 censum
1517 3257 1527 3272 ,
1553 3246 1593 3267 eo
1607 3231 1712 3280 magis
1745 3228 1870 3276 emptio
1891 3226 1988 3262 distat
2012 3221 2053 3259 ab
2077 3236 2115 3280 u-

1140 3286 1212 3324 sura
1227 3313 1237 3328 ‚
1253 3284 1413 3333 siquidem
1438 3281 1534 3318 usura
1564 3281 1704 3318 consistit
1719 3280 1754 3314 in
1781 3275 1958 3313 accessione
1970 3275 2010 3310 ad
2025 3285 2115 3321 capi-

1139 3337 1202 3372 tale
1219 3335 1365 3385 pecuniae
1387 3334 1468 3370 datae
1484 3358 1495 3374 ,
1522 3332 1612 3367 unde
1622 3345 1695 3381 quo
1709 3329 1820 3364 minor
1833 3327 1877 3361 est
1903 3325 2055 3364 accessio,
2075 3335 2116 3378 ep

1140 3389 1246 3422 maior
1259 3386 1301 3420 est
1322 3385 1474 3420 distantia
1500 3381 1541 3418 ab
1555 3381 1673 3424 usura3
1691 3380 1818 3426 hinque
1847 3376 1896 3412 lex
1922 3375 2039 3411 tolerat
2066 3372 2120 3407 sti-

1140 3437 1345 3485 pulationem
1362 3447 1423 3483 pro
1449 3433 1573 3470 minori
1587 3431 1719 3480 quantit
1726 3439 1776 3462 ate
1788 3452 1799 3467 ‚
1815 3425 1869 3462 sed
1883 3439 1952 3461 non
1979 3437 2039 3474 pro
2053 3435 2121 3457 rna-

1141 3488 1216 3534 jori.
1231 3489 1266 3520 &⁷
1281 3484 1435 3533 proinde,
1451 3483 1474 3520 si
1487 3483 1548 3519 tibi
1572 3481 1693 3517 debere
1723 3477 1836 3512 decem
1851 3503 1861 3518 ‚
1887 3474 1929 3510 sic
1942 3488 1978 3511 ut
2004 3483 2124 3509 novem

1137 3536 1279 3576 debeas,
1295 3548 1364 3571 non
1377 3534 1519 3583 amplius
1532 3530 1604 3582 ipso
1617 3534 1689 3580 jitre
1712 3526 1831 3622 dGbesss,
1846 3539 1948 3576 quam
1961 3534 2127 3605 novenhg

2141 2694 2186 2724 70
