2400 3939
147 503 215 540 266

151 875 218 920 267

166 2309 233 2353 269

236 219 349 273 374

222 305 264 328 eo
278 301 404 339 partein
424 288 530 323 debiti
548 287 727 332 receperit,
744 285 795 320 vel
813 284 844 318 ei
862 280 1133 320 denuntiaverit,
1148 290 1191 313 ne

223 343 256 375 in
276 339 444 387 posterum
468 336 603 371 cedenti
623 335 732 370 solvat
746 360 756 376 ,
776 334 798 367 1.
819 344 849 377 3.
875 331 910 367 (θ’
934 329 980 364 ihi
998 329 1132 383 DostC.
1148 327 1192 361 de

224 398 337 423 novat.
354 388 498 433 Spei-‚tin
513 385 554 418 de
569 383 637 432 ceff.
654 383 754 428 a3.§.
771 380 995 427 consequenter
1009 389 1042 409 m
1055 374 1117 417 fine
1130 401 1140 416 ,
1158 387 1190 410 n.

232 448 285 470 10.
298 434 516 480 zib.2.fol.i6.
536 431 672 480 Osasch.
687 431 728 465 de
742 426 945 474 dec.62.sub
957 436 1009 458 nu.
1021 436 1048 457 1.
1062 424 1149 470 vers.
1169 422 1192 464 fi

229 495 320 518 vero.
345 483 452 527 &sub
470 494 537 524 n.9.
554 482 587 516 ὠ
607 479 684 526 Teff.
696 474 961 526 d.dec.zoi·.sub
978 481 1101 515 num.5.
1116 473 1142 516 †
1156 472 1191 506 ὃς

232 531 312 580 quia
325 530 542 565 cessionarius
553 528 734 573 praesertur
749 523 902 562 cedenti,
919 520 1033 571 potest
1044 519 1190 571 agendo,

231 578 422 662 paazvenire
451 577 628 659 {edente}
661 585 740 654 cam
771 572 893 666 εῗόεηςς
916 567 1192 662 ΣιῗίίιεζηΕῗέζέυῗί

232 640 250 663 a
287 638 400 661 sonum
417 652 426 664 ,
475 637 566 659 ran(-
621 635 666 656 CC·
713 645 721 654 ι
741 632 796 654 Con
813 632 864 654 .10
889 642 898 652 ι
960 641 968 650 0
1021 640 1028 648 ι

235 673 447 710 ceffionarius
466 672 674 719 negligenter
689 666 834 702 versatus
854 666 900 700 el't
921 666 955 698 in
975 675 1029 704 re,
1048 663 1104 696 fibi
1123 673 1192 698 tra-

233 723 304 758 dita
322 749 331 763 ,
357 723 391 756 &
413 720 622 768 negligenter
639 717 716 751 usus
742 717 788 749 eli
810 715 967 749 mandato
982 737 992 752 .,
1018 710 1114 758 quod
1130 709 1194 743 sus-

233 770 349 817 cepit,
371 770 404 804 &
418 780 456 802 ex
477 767 532 802 sua
547 765 750 812 negligentia
764 763 934 798 causatum
956 759 1002 794 est
1024 765 1193 800 damnum,

233 819 300 867 ipse
323 818 365 852 ad
395 816 476 852 illud
501 816 604 850 teneri
628 814 742 848 debet.
968 857 974 861 ⁴
1119 853 1153 862 .,

281 867 333 901 Ex
358 864 525 912 praediffis
547 864 643 898 vides
660 887 670 903 ,
693 858 874 908 quomodo
898 857 1062 909 debitor,
1094 865 1196 900 cujus

234 926 354 950 nornen
371 912 505 948 ceditur
516 939 525 952 ,
537 919 702 946 remaneat
715 908 886 953 obligatus
899 906 1055 945 cedenti,
1077 905 1110 938 ὅ(
1125 901 1197 937 ces-

232 962 375 998 fionario
394 988 404 1003 ‚
423 971 461 997 ut
480 959 591 995 scribit
607 959 744 993 Montis.
762 956 795 991 d.
810 954 907 988 ιναὲἶ.
929 954 972 988 de
987 958 1109 989 invent.
1128 963 1195 994 c.9.

223 1011 289 1060 sub
305 1011 399 1045 n.80.
418 1011 451 1044 &
470 1008 566 1056 quod
587 1005 712 1041 cedens
732 1015 798 1037 non
819 1004 979 1037 liberatur
1000 1003 1018 1034 a
1039 999 1197 1034 ceffiona-

234 1059 285 1093 rio
300 1086 309 1099 ,
329 1057 384 1092 sed
406 1067 550 1092 remanet
570 1055 645 1100 ejus
664 1051 819 1087 liberatio
842 1051 876 1084 in
896 1047 1066 1096 suspenso.

152 1119 220 1155 253
284 1106 490 1141 Subdeclara
518 1103 654 1138 eandem
677 1098 936 1134 declarationem
960 1097 1098 1143 positam
1117 1098 1194 1144 sup.

235 1165 349 1200 n.254.
362 1156 500 1201 &se-qq.
523 1152 565 1185 de
585 1147 795 1184 excutiendis
811 1148 909 1183 bonis
930 1145 1118 1186 debitoris,
1137 1156 1199 1178 cu-

236 1206 290 1251 jus
313 1213 433 1237 nomen
462 1200 507 1234 ell
530 1197 654 1234 ceffum
675 1223 684 1237 ,
717 1206 893 1242 antequam
921 1192 1116 1228 cellionario
1140 1193 1198 1230 de-

236 1262 291 1287 tur
311 1248 472 1296 regressus
492 1258 609 1282 contra
632 1246 806 1279 cedentem
824 1257 833 1285 ;
860 1252 896 1277 ut
918 1254 987 1276 non
1008 1241 1197 1288 procedat,

236 1298 377 1348 quando
403 1298 493 1331 bona
514 1294 675 1329 debitoris
699 1290 774 1327 cessi
808 1291 883 1326 sunt
906 1290 983 1325 talia
1009 1316 1019 1330 ,
1035 1300 1081 1340 *ut
1108 1301 1201 1323 com-

237 1348 338 1383 mode
356 1344 456 1382 vendi
478 1356 545 1378 non
567 1341 689 1389 possint
709 1367 718 1381 ,
747 1339 802 1373 seu
819 1339 892 1374 sunt
914 1337 1012 1372 valde
1034 1337 1200 1378 intricata,

238 1407 277 1430 ut
301 1392 453 1430 extricari
476 1404 544 1426 non
570 1390 690 1437 poilint
713 1389 778 1422 sine
799 1390 901 1433 longa
925 1398 1017 1420 mota
1042 1411 1052 1425 ,
1077 1387 1110 1420 δε
1137 1385 1202 1419 line

239 1441 385 1490 impensa
409 1454 477 1476 non
508 1439 604 1479 levi,
635 1439 667 1472 ὅ(
699 1435 895 1471 ceffionarto
925 1435 1064 1468 debetur
1096 1443 1200 1479 pecu-

239 1492 292 1527 nia
307 1518 317 1531 ,
336 1492 418 1538 quia
434 1489 496 1523 isto
518 1486 593 1521 casu
616 1484 827 1520 cessionarius
847 1481 956 1529 posset
978 1509 988 1522 ,
1016 1482 1128 1529 oniilsa
1150 1493 1202 1515 ex-

241 1539 390 1575 cuffione
410 1564 418 1577 ,
445 1547 602 1583 tanquam
624 1534 644 1569 fi
667 1533 757 1566 nnita
779 1533 868 1566 bona
892 1542 1061 1570 extarent,
1079 1530 1202 1564 habere

240 1585 422 1635 regressum
444 1594 562 1620 contra
587 1581 765 1616 cedentem
785 1607 794 1621 ,
815 1591 892 1614 curn
918 1580 1006 1625 paria
1028 1578 1088 1611 lint
1105 1604 1115 1619 ,
1139 1580 1203 1612 bo-

241 1649 282 1671 na
301 1646 368 1669 non
393 1644 504 1668 extare
525 1659 533 1672 ‚
557 1631 610 1665 vel
635 1640 749 1664 extare
771 1628 934 1662 inutiliter
955 1637 1094 1672 propter
1118 1626 1204 1660 diffi-

242 1685 402 1719 cultatem
421 1682 454 1715 in
475 1691 590 1714 eorum
614 1677 811 1712 venditione
830 1688 842 1718 ;
860 1687 971 1723 neque
990 1673 1204 1708 cessionarius

242 1741 378 1768 tenetur
397 1740 517 1775 capere
533 1728 586 1761 illa
598 1727 687 1760 bona
707 1726 738 1758 in
755 1724 897 1760 solutum
911 1750 920 1763 ,
936 1735 1013 1757 cum
1028 1722 1120 1756 alind
1138 1733 1200 1767 pro

243 1780 322 1821 alio,
341 1778 448 1814 invito
460 1775 650 1814 creditore,
669 1773 751 1807 solvi
768 1785 833 1807 non
850 1772 967 1818 poflit,
985 1771 1202 1807 Ror.Genucn.

244 1829 394 1872 dec-156.
419 1838 490 1860 cum
507 1825 641 1858 Paulus.
658 1834 725 1868 ⁷²·7·
744 1821 779 1858 (θ’
797 1825 862 1867 seq.
881 1822 914 1855 δε
937 1820 969 1853 in
991 1820 1082 1852 simili
1100 1818 1207 1852 credi-

244 1886 302 1912 tor
323 1874 434 1922 potest
454 1871 637 1908 convenire
663 1869 887 1915 fidejuss‘ooem
908 1894 918 1908 ,
948 1867 1064 1902 omisso
1087 1865 1208 1911 princi-

246 1923 336 1971 pali,
355 1924 389 1957 ὃς
417 1922 514 1956 etiam
540 1920 684 1966 pignore
700 1944 709 1959 ,
734 1918 755 1951 fi
783 1929 844 1952 nec
865 1916 986 1963 pignus
1003 1942 1012 1956 ,
1032 1926 1093 1950 nec
1121 1915 1209 1966 bona

247 1971 412 2007 debitoris
434 1967 622 2016 principalis
640 1966 822 2000 commode
848 1965 945 1999 vendi
965 1963 1104 2010 possint,
1126 1974 1206 2010 quia

247 2021 296 2056 est
311 2046 320 2062 ,
344 2031 382 2053 ac
405 2018 426 2052 si
450 2029 516 2052 non
542 2025 691 2050 extarent
711 2040 720 2054 ,
741 2015 837 2047 Paul.
861 2014 902 2046 de
927 2013 1027 2058 Castr.
1049 2015 1080 2045 in
1101 2011 1126 2044 l.
1155 2021 1208 2053 52.

246 2072 330 2103 inter
349 2079 412 2101 eos.
435 2064 695 2112 §.rrediwnffi
715 2060 907 2108 defitiejuff.
929 2064 961 2095 ὅ(
981 2060 1089 2094 mand.
1111 2059 1209 2105 quod

247 2116 332 2153 dicit
356 2114 420 2148 esse
440 2113 542 2148 menti
564 2122 732 2158 perpetuo
754 2118 937 2143 tenentium
956 2135 966 2148 ,
994 2107 1076 2154 quia
1107 2105 1210 2140 nescit

246 2164 325 2200 alibi
352 2162 440 2197 istud
465 2160 588 2196 dietum
613 2186 622 2201 ,
647 2160 680 2193 ὅς
707 2158 787 2192 facit
815 2155 1005 2204 aliqualiter
1028 2156 1182 2190 limitatio
1199 2180 1209 2194 ,

248 2223 350 2261 quani
364 2210 472 2256 scripfi
487 2212 519 2242 in
535 2220 602 2242 meo
622 2207 718 2241 ιναῖἰ.
733 2208 775 2240 de
787 2206 893 2249 judic.
909 2217 998 2240 caus.
1013 2205 1109 2240 liba.
1122 2203 1212 2239 c.62.

239 2261 306 2311 sub
323 2271 413 2301 ⁷1-24·
433 2259 502 2291 lim.
515 2270 549 2299 4.
878 2300 884 2306 -

298 2306 486 2342 Inferebain
501 2304 578 2338 alias
595 2302 710 2337 extiac
729 2301 973 2342 declaratione,
990 2300 1024 2334 ὃς
1044 2298 1211 2336 subdecla-

248 2358 379 2393 ratione
403 2353 445 2387 ad
471 2353 598 2400 aliquas
620 2351 837 2384 difficultates
866 2349 964 2395 super
986 2348 1130 2382 cessione
1155 2350 1211 2393 ju-

248 2406 334 2441 rium
354 2430 364 2445 ,
395 2402 479 2436 fasta
507 2401 526 2435 ὰ
557 2400 716 2444 Philippo
735 2399 777 2432 ad
798 2397 948 2432 favorem
976 2396 1114 2430 Nicolai
1137 2423 1146 2437 ,
1179 2396 1212 2430 &

247 2453 371 2489 deinde
394 2452 435 2484 ab
461 2449 583 2484 eodern
606 2447 758 2482 Nicolao
779 2447 819 2479 ad
844 2446 992 2480 favorem
1019 2444 1102 2487 Julii
1118 2470 1127 2483 ,
1152 2443 1212 2477 sub

249 2500 381 2538 diversa
401 2507 512 2532 tamen
535 2495 641 2530 forma
661 2507 674 2537 ·,
697 2506 770 2528 nam
788 2494 962 2539 Philippus
985 2492 1123 2527 cesserat
1146 2491 1212 2525 Ni-

247 2549 351 2584 colao
374 2556 504 2581 certum
528 2542 816 2578 maravedinornm
843 2552 1019 2575 numerum
1046 2567 1054 2581 t
1086 2538 1183 2574 rifico
1203 2566 1212 2580 ,

248 2594 404 2644 periculo
418 2621 427 2634 ,
448 2595 478 2628 &
493 2590 677 2627 commodo
694 2591 792 2636 ipsius
810 2589 949 2624 Nicolai
963 2615 973 2630 ,
988 2588 1055 2622 hoc
1071 2588 1129 2628 est,
1144 2587 1214 2622 sive

249 2645 300 2680 illi
320 2640 521 2679 niaravedini
535 2667 544 2682 ‚
569 2651 659 2687 qnos
678 2638 820 2673 cedebat
833 2664 842 2679 ,
860 2637 966 2672 essent
984 2637 1117 2682 plures,
1145 2636 1213 2670 five

190 2714 194 2719 ‹
250 2692 433 2740 pauciores
450 2715 458 2728 ,
478 2688 555 2735 quio.
577 2699 658 2722 runc
681 2699 748 2721 non
772 2698 864 2721 erant
886 2685 1043 2732 liquidati
1064 2710 1073 2725 ,
1098 2686 1214 2731 licque

254 2740 434 2776 videbatur
449 2736 553 2783 ipsum
569 2735 750 2770 Nicolaum
767 2736 875 2768 iacere
895 2732 1124 2767 cessionarium
1144 2743 1215 2778 par-

253 2788 393 2833 ticipem
416 2797 475 2832 pro
499 2795 567 2818 rata
590 2783 677 2816 illius
697 2782 823 2816 numeri
841 2780 1157 2822 maravedinorum3
1180 2791 1214 2816 at

255 2836 425 2872 Nicotaus
437 2832 527 2867 ceffit
540 2831 664 2866 deinde
675 2829 769 2873 Julio
782 2829 972 2875 simpliciter
986 2829 1131 2863 eundem
1144 2839 1214 2862 cer-

256 2895 332 2921 tum
353 2893 523 2917 numerum
546 2878 834 2914 maravedinoruin
853 2877 913 2912 sub
935 2877 1002 2910 istis
1027 2876 1156 2912 verbis:
1180 2877 1215 2914 (y

256 2936 304 2968 mi
324 2931 428 2979 obligo
439 2955 448 2970 ,
464 2929 522 2964 che
538 2939 596 2974 per
613 2938 731 2974 quanto
748 2937 838 2961 rocca
852 2927 891 2960 al
908 2927 1079 2972 miofattt),
1094 2927 1127 2963 (θ’
1142 2927 1216 2970 caso

258 2982 388 3029 proprio
402 3004 412 3019 ,
428 2978 463 3014 (ἵ
486 2977 542 3011 del
555 2975 704 3023 predetto
717 2974 838 3021 Filippo
853 3001 863 3015 ,
880 2974 1059 3020 lisaranno
1073 2976 1165 3015 cerii,
1180 2973 1215 3009 (9‘

252 3029 353 3076 ficari
366 3053 376 3067 ,
401 3025 557 3059 donate-no
571 3050 580 3064 ‚
595 3024 621 3057 li
640 3034 765 3072 pagare
788 3023 829 3056 de
845 3024 921 3057 miei
943 3022 1027 3063 beni,
1041 3023 1217 3069 parimemi

259 3080 295 3111 in
317 3075 404 3110 reali
429 3074 467 3107 di
493 3073 517 3106 S
534 3084 630 3124 agna.
654 3073 687 3106 &
702 3070 836 3114 Julius,
860 3082 902 3105 eo
923 3070 1050 3111 modo,
1067 3081 1138 3116 quo
1159 3069 1218 3105 fibi

260 3132 354 3159 erant
374 3121 450 3157 cessi
473 3120 492 3154 ὲ
511 3083 668 3155 ςῐιςοίαο
681 3146 691 3160 ,
708 3116 799 3153 ceffit
821 3118 1004 3153 Ambrosio
1021 3144 1032 3160 ,
1052 3117 1111 3164 qui
1140 3129 1217 3151 cum

257 3173 336 3209 illos
357 3182 424 3204 non
438 3167 546 3215 posset
568 3167 599 3200 in
624 3177 735 3202 totum
760 3166 910 3212 exigere,
927 3167 1007 3212 quia
1026 3175 1130 3213 prout
1143 3165 1218 3201 fue-

258 3230 337 3255 runt
360 3218 475 3264 postea
493 3215 648 3263 liquidati
666 3241 676 3255 ,
698 3215 732 3250 &
748 3216 853 3249 stante
875 3213 1132 3260 participatione
1154 3213 1221 3248 Ni·

260 3267 349 3302 colai
369 3293 379 3308 ‚
403 3277 470 3300 non
489 3262 710 3298 ascendebant
730 3261 772 3296 ad
797 3271 908 3297 totuin
932 3273 1106 3296 numerum
1123 3287 1134 3302 ,
1160 3261 1220 3296 fibi

260 3313 385 3349 cessum
407 3325 420 3356 ;
441 3313 561 3357 agebat
577 3321 695 3346 contra
711 3309 879 3344 haeredem
901 3309 1034 3356 praefati
1056 3309 1194 3344 Nicolai
1207 3333 1218 3350 ,

261 3375 305 3397 eo
329 3362 408 3398 Quia
433 3357 501 3406 ipse
524 3358 690 3395 Nicolaus
711 3359 742 3391 se
762 3357 971 3404 obligaverat
992 3370 1053 3404 pro
1069 3357 1163 3398 dato,
1185 3358 1220 3392 δε

261 3409 350 3444 saffo
370 3408 514 3451 Philippi
534 3434 543 3446 ,
570 3407 671 3453 cujus
691 3405 778 3442 fafito
804 3405 1004 3440 Ambrosius
1023 3405 1170 3446 dicebat,
1190 3405 1222 3439 se

262 3469 331 3493 non
355 3455 451 3502 posse
474 3456 607 3502 exigere
624 3482 634 3495 ,
655 3455 735 3501 quia
754 3453 930 3499 Philippus
948 3452 1085 3488 cesserat
1110 3464 1224 3487 nume-

263 3516 337 3539 rum
356 3506 539 3544 incertum,
559 3504 729 3549 pendente
749 3502 769 3536 a
790 3499 903 3536 futura
919 3501 940 3534 li
971 3501 1143 3537 uidatione
1156 3527 1167 3542 ‚
1190 3502 1225 3536 δε

263 3562 374 3588 tamen
397 3551 560 3596 potuisset
575 3553 698 3586 cedere
715 3559 845 3585 certum
862 3575 872 3590 ‚
891 3548 925 3583 &
959 3549 1160 3586 ufficientem
1177 3574 1186 3589 ,
1201 3549 1225 3583 fi

228 3634 231 3637 .
264 3612 336 3636 non
359 3598 488 3634 fecisset
507 3599 702 3645 participem
726 3597 909 3633 Nicolaum
929 3608 942 3639 3
959 3609 1030 3632 nam
1049 3609 1113 3642 pro
1127 3597 1224 3644 plena

265 3646 372 3695 hujus
405 3646 557 3681 ceffionis
584 3645 785 3691 cognitione
814 3643 985 3680 sciendum
1024 3645 1070 3679 est
1089 3671 1100 3687 ‚
1126 3643 1226 3692 quod

265 3707 345 3736 cuni
371 3694 606 3745 Hispaniarum
633 3694 710 3729 Rex
740 3703 828 3730 anno
862 3694 962 3740 ¹59⁶·
986 3692 1067 3731 esset
1092 3693 1226 3731 debitor

610 188 967 274 sigismundi
997 189 1242 247 Scacciae
1266 188 1467 250 Tratst.
1493 190 1566 250 de
1588 194 1882 273 Commer.

1241 291 1405 330 quatuor,
1419 283 1475 318 seu
1491 283 1647 330 quinque
1658 283 1887 318 Genuenstum
1900 283 1932 319 in
1946 284 2048 320 certis
2061 293 2208 330 compui

1240 331 1283 365 tis
1299 357 1309 372 ,
1337 331 1393 365 seu
1413 330 1618 367 millionibus
1638 330 1811 366 scutorum
1833 331 1987 367 decrevit
2012 333 2089 367 haec
2112 343 2207 366 com-

1240 389 1324 425 puta
1340 378 1469 413 solvere
1490 391 1529 412 ex
1551 378 1720 425 aliquibus
1733 379 1850 414 annuis
1866 380 2056 416 redditibus
2073 379 2205 426 Regiis,

1241 438 1331 474 quos
1355 437 1535 473 propterea
1553 427 1672 460 eisdem
1700 427 1929 462 creditoribus
1948 427 2121 475 assignavit
2142 442 2150 463 :
2173 428 2208 463 ὅς

1241 474 1385 509 ulterius
1403 500 1412 515 ‚
1436 486 1475 510 ut
1502 476 1547 510 rei
1575 473 1706 508 r«.ilitai·i
1730 500 1741 516 ,
1777 475 1876 510 flatui
1899 501 1909 517 ,
1941 477 1975 511 ὅ(
2005 475 2209 511 exercitibus

1243 522 1413 557 Flandriae
1427 523 1645 568 provideret,
1663 533 1742 556 cum
1766 522 1885 558 eisdem
1907 523 2133 559 creditoribus
2150 536 2210 558 no-

1245 582 1325 604 vum
1351 570 1517 606 contraxit
1543 570 1695 604 debiturn
1722 581 1962 617 computorum
1983 571 2106 618 septem
2131 583 2209 606 cum

1244 617 1386 653 dimidio
1410 618 1602 659 scutorum,
1628 617 1867 653 solvendorum
1893 619 1976 654 infra
1999 619 2125 654 menses
2150 619 2210 654 de-

1244 677 1317 700 cem
1341 667 1376 700 δε
1393 666 1472 701 οξῐο
1496 679 1504 701 :
1531 677 1595 701 tam
1615 677 1655 700 ex
1670 666 1742 700 aliis
1766 667 1929 702 reditibus
1946 695 1954 708 ,
1976 679 2077 716 quarn
2095 679 2134 702 ex
2153 679 2212 713 pe-

1245 713 1354 748 cuniis
1373 740 1382 754 ,
1411 713 1510 748 classe
1535 714 1692 748 maritima
1713 740 1722 754 ,
1748 713 1804 748 seu
1831 725 1870 749 ut
1898 726 2023 751 vocant
2045 741 2055 757 ,
2078 715 2179 750 flotta
2197 741 2209 758 ,

1248 762 1499 796 transvehendis
1518 773 1557 795 ex
1581 761 1689 795 indiis
1706 773 1769 807 pro
1799 763 1929 809 Regnis
1954 763 2210 810 Hispaniarum,

1245 812 1271 856 †
1301 809 1370 844 Sed
1401 821 1477 844 cuin
1505 810 1633 844 reditus
1658 835 1667 849 ,
1699 811 1732 845 &
1759 821 1914 855 pecuniae
1942 811 2117 846 destinatae
2148 823 2211 858 pro
2229 802 2312 860 270*

1245 859 1416 894 solutione
1451 857 1583 904 praefati
1608 857 1718 891 debiti
1754 870 1824 892 non
1863 859 2002 894 omnino
2037 857 2212 894 satisfecis-

1246 908 1318 941 sent
1343 932 1352 947 ,
1380 907 1414 941 ὅ(
1442 906 1689 952 consequenter
1713 905 1786 940 Rex
1811 918 1993 942 remaneret
2013 907 2128 942 adhuc
2152 906 2213 943 de·

1248 955 1338 990 bitot
1363 965 1428 989 tam
1453 954 1605 1000 capitalis
1628 980 1637 993 ,
1665 965 1766 1000 quarn
1790 955 2088 996 interusuriorurn,
2109 955 2212 990 iidem

1249 1003 1437 1038 creditores
1456 1028 1466 1043 ,
1499 1003 1558 1049 qui
1586 1002 1752 1037 habebant
1783 1002 1864 1038 alios
1889 1003 2068 1049 participes
2088 1029 2099 1044 ,
2125 1002 2214 1038 fece-

1250 1061 1329 1084 runt
1355 1051 1440 1084 inter
1464 1050 1497 1084 se
1524 1051 1691 1084 calculum
1713 1076 1721 1091 ‚
1751 1051 1805 1084 seu
1832 1058 1871 1084 ut
1898 1051 2019 1086 dicunt
2045 1050 2211 1097 Hispani,

1249 1110 1420 1139 tanieum,
1442 1099 1475 1132 ὅ(
1500 1099 1711 1132 calcularunt
1738 1110 1854 1133 eorum
1880 1100 2046 1134 creditum
2065 1099 2106 1134 ad
2136 1101 2212 1134 160.

1253 1158 1413 1193 computa
1433 1145 1743 1185 maraveditioram,
1769 1148 1800 1180 &
1821 1147 1916 1192 juxta
1940 1149 2030 1180 hunc
2045 1147 2217 1183 calculum

1253 1208 1290 1229 ea
1309 1195 1352 1229 ad
1366 1204 1465 1228 ratam
1489 1195 1575 1229 inter
1592 1193 1624 1228 se
1641 1193 1837 1235 diviserunt,
1853 1195 1979 1230 deinde
1993 1195 2139 1244 quisque
2155 1206 2216 1229 eo-

1252 1255 1325 1278 rum
1351 1242 1432 1276 lecit
1468 1242 1510 1276 de
1542 1242 1602 1276 sno
1631 1242 1764 1277 credito
1795 1243 1924 1277 debitas
1957 1242 2117 1278 celsioiies
2153 1242 2218 1277 suis

1252 1290 1472 1338 participibus
1493 1303 1505 1333 3
1529 1291 1561 1324 ὅ(
1582 1290 1668 1324 inter
1685 1291 1763 1324 alias
1785 1289 1919 1328 fuerunt
1945 1291 2030 1326 celsa
2054 1292 2106 1326 Ph
2120 1291 2216 1337 lippo

1253 1350 1415 1383 computa
1443 1337 1502 1372 tria
1530 1337 1816 1373 maravedinorum
1837 1365 1846 1380 ,
1878 1352 1958 1382 ²²4·
1986 1340 2032 1376 V.
2066 1341 2146 1375 618.
2177 1351 2219 1374 ex

1253 1387 1378 1436 quibus
1404 1386 1578 1433 Philippus
1608 1386 1773 1430 praedisto
1807 1386 1958 1423 Nicolao
1989 1399 2048 1434 per
2078 1387 2219 1424 modum

1253 1434 1519 1484 participationis
1554 1433 1646 1469 ceffit
1671 1435 1903 1471 maravedinos
1941 1448 2022 1482 72²·
2055 1435 2102 1471 V.
2139 1447 2220 1479 ²49·

1254 1488 1288 1520 ὃς
1312 1483 1480 1518 Nicolaus
1507 1482 1641 1517 eosdem
1677 1481 1768 1518 ceffit
1801 1482 1990 1530 simpliciter
2024 1480 2120 1528 Julio
2144 1509 2154 1524 ,
2186 1485 2220 1519 &

1255 1531 1363 1576 Julius
1386 1531 1566 1566 Ambrosio
1591 1556 1601 1571 ,
1632 1541 1671 1565 ut
1693 1530 1760 1564 dixi
1777 1533 1883 1579 supra
1899 1544 1982 1566 num.
2005 1534 2082 1576 269.
2108 1534 2134 1577 †
2155 1532 2299 1587 His271

1257 1580 1391 1616 calculo
1407 1606 1416 1621 ,
1437 1582 1470 1614 δε
1496 1578 1697 1614 cessionibus
1719 1579 1805 1613 inter
1829 1580 1861 1614 se
1885 1579 1978 1614 fastis
1999 1607 2009 1622 ,
2035 1581 2138 1626 Regii
2161 1580 2222 1614 rni-

1258 1628 1347 1664 nislri
1368 1655 1377 1670 ,
1404 1628 1531 1675 quibus
1554 1626 1670 1673 postea
1694 1625 1759 1662 fuit
1783 1628 1970 1673 injunstum
1997 1639 2085 1663 onus
2107 1629 2223 1664 calcu-

1258 1677 1345 1712 landi
1370 1674 1548 1723 praesatnm
1573 1675 1725 1711 debitum
1747 1701 1758 1716 ,
1782 1677 1970 1712 retulerunt
1998 1676 2182 1722 deputatos
2213 1703 2224 1719 ,

1259 1737 1299 1761 ut
1317 1725 1411 1759 aiunt
1435 1750 1444 1764 ,
1472 1723 1572 1757 medii
1592 1722 1753 1769 generalis
1773 1750 1783 1764 ,
1812 1735 1980 1759 remanere
2005 1724 2196 1760 creditores
2213 1751 2226 1766 ,

1259 1787 1326 1808 non
1349 1775 1381 1806 in
1402 1770 1574 1818 computis
1602 1772 1677 1805 160.
1703 1782 1742 1806 ut
1762 1772 1822 1817 ipfi
1845 1772 2078 1813 calcularunt,
2098 1773 2155 1807 sed
2174 1772 2228 1807 so-

1259 1823 1326 1857 lnm
1344 1822 1377 1855 in
1398 1819 1570 1866 computis
1590 1821 1666 1853 106.
1682 1819 1717 1853 ὃς
1742 1819 1823 1854 ideo
1846 1830 1913 1854 tam
1941 1820 2109 1863 calculum
2133 1822 2151 1855 a
2168 1820 2228 1855 de-

1260 1870 1388 1916 putatis
1411 1868 1534 1902 fanum
1554 1894 1563 1909 ,
1588 1879 1689 1914 quarn
1719 1867 1879 1902 cessiones
1905 1867 1984 1904 inde
2011 1869 2141 1904 secutas
2165 1868 2227 1903 de·-

1262 1919 1430 1952 claiarnnt
1460 1917 1566 1950 nullas
1603 1926 1610 1948 :
1649 1914 1770 1950 Postea
1796 1915 1848 1950 alii
1884 1917 2099 1962 computislae
2125 1915 2229 1963 Regii

1260 1967 1447 2001 retulerunt
1462 1991 1471 2005 ‚
1488 1964 1523 1998 in
1547 1963 1712 2010 praediao
1735 1964 1891 2007 calculo,
1924 1963 2021 1999 suiffe
2045 1964 2158 2001 adhuc
2179 1975 2228 1999 er-

1262 2026 1368 2050 ratum
1392 2012 1434 2046 ad
1463 2012 1702 2058 praejudicium
1737 2011 1843 2060 Regis
1869 2039 1879 2054 ,
1912 2023 2017 2059 quare
2043 2012 2229 2049 Consilium

1262 2062 1420 2097 Azendae
1445 2089 1455 2103 ,
1492 2060 1561 2094 five
1598 2059 1768 2094 redituum
1806 2060 1995 2106 Maiestatis
2031 2060 2228 2096 Catholicae

1262 2124 1319 2158 per
1347 2108 1483 2144 modurn
1509 2107 1706 2153 provisionis
1729 2107 1786 2143 die
1806 2121 1840 2150 4.
1861 2109 1946 2143 Maii
1982 2110 2082 2152 1604.
2107 2109 2228 2144 decre-

1264 2161 1311 2194 vit
1329 2185 1338 2199 ,
1366 2158 1463 2205 qnod
1490 2168 1529 2190 ex
1551 2155 1647 2189 distis
1669 2157 1840 2203 computis
1865 2159 1942 2192 106.
1970 2157 2227 2194 detraherentur

1261 2217 1424 2252 computa
1449 2217 1504 2239 20.
1529 2206 1562 2238 ὅ(
1589 2204 1717 2250 reliqua
1745 2214 1907 2250 computa
1934 2207 1990 2241 86.
2016 2204 2226 2240 solverentur

1262 2256 1369 2307 nsque
1395 2266 1469 2301 quo
1497 2251 1603 2286 finalis
1637 2252 1786 2287 calculus
1814 2252 2042 2289 absolveretur
2077 2266 2086 2289 :
2121 2255 2148 2300 †
2177 2253 2223 2289 Et
2239 2274 2304 2310 ²7²

1261 2303 1403 2350 proinde
1434 2313 1510 2335 cuin
1534 2300 1711 2345 Philippus
1737 2308 1776 2334 e‘x
1798 2301 1866 2336 hoc
1891 2302 1957 2337 alio
1981 2302 2221 2348 repartimento

1261 2360 1502 2395 computorum
1534 2350 1589 2383 86.
1622 2349 1716 2393 juxta
1749 2349 1971 2394 provisionem
2001 2349 2139 2384 Consilii
2169 2360 2223 2383 re-

1263 2398 1414 2433 manserit
1432 2423 1440 2436 ,
1463 2396 1674 2431 cessionarius
1690 2394 1796 2430 solum
1816 2397 1848 2431 in
1869 2397 2039 2444 computis
2056 2398 2219 2439 duobus,

1263 2449 1296 2482 διε
1328 2448 1401 2480 ιι6.
1423 2446 1470 2480 V.
1498 2445 1577 2489 853.
1601 2445 1634 2478 ὃ(
1652 2442 1899 2491 consequenter
1919 2446 2088 2480 Nicotaus
2102 2445 2221 2481 ceffio-

1262 2495 1373 2535 narius
1389 2520 1398 2535 ,
1427 2493 1493 2527 live
1517 2493 1630 2526 verius
1652 2492 1849 2527 Ambrosius
1872 2504 1941 2528 non
1964 2493 2118 2540 potuerit
2139 2505 2221 2530 con-

1262 2543 1356 2590 sequi
1379 2540 1610 2576 maravedinos
1631 2552 1710 2587 7²²·
1740 2540 1786 2576 V.
1812 2553 1890 2586 ²49·
1918 2541 1976 2576 fibi
1996 2541 2106 2578 cessos
2126 2568 2137 2584 ,
2163 2540 2221 2577 sed

1263 2586 1370 2626 solnm
1397 2589 1565 2624 maraved.
1595 2601 1675 2635 474.
1707 2587 1752 2624 V.
1790 2602 1866 2642 ¹3⁰5
1891 2589 1972 2637 quia
2002 2590 2025 2624 fi
2055 2589 2223 2626 Nicotaus

1263 2651 1332 2675 rata
1353 2638 1453 2674 trium
1477 2647 1718 2683 computorum
1739 2637 1917 2684 participat
1942 2650 2022 2686 7²²·
2049 2638 2099 2674 V.
2120 2649 2232 2680 mara-‚
2275 2660 2277 2662 -

1263 2687 1407 2722 vedinoc
1431 2711 1442 2727 ,
1464 2697 1533 2719 non
1555 2684 1666 2731 potest
1697 2684 2072 2739 totidem-partictpare
2093 2686 2128 2721 in
2153 2697 2224 2722 rata

1264 2744 1505 2781 computorum
1529 2733 1674 2768 duorum
1695 2743 1708 2774 ;
1730 2733 1756 2778 †
1781 2732 1948 2770 diminuto
1973 2744 2060 2769 enim
2083 2745 2224 2770 numero
2241 2753 2306 2791 ²73

1265 2793 1388 2831 quotae
1415 2780 1550 2827 majoris
1576 2807 1586 2822 ‚
1615 2789 1697 2827 quae
1730 2789 1800 2816 erat
1828 2781 1974 2829 Philippi
1999 2808 2009 2823 ‚
2041 2781 2234 2824 necessarii)-v

1266 2831 1424 2866 minuitur
1457 2827 1790 2876 proportionabiliter
1827 2841 1983 2866 numerus
2012 2840 2136 2877 quotae
2160 2831 2225 2866 mi-

1265 2879 1356 2914 noris
1374 2905 1384 2920 ,
1408 2889 1491 2926 quae
1517 2876 1564 2910 est
1590 2875 1727 2918 Nicolai
1745 2901 1755 2916 ,
1779 2875 1894 2925 ficque
1917 2876 2129 2920 Ambrofius,
2144 2889 2232 2914 cum·

1265 2930 1452 2962 remaneret
1476 2924 1626 2960 creditor
1658 2923 1797 2958 Nicolai
1825 2925 1858 2960 in
1889 2924 2108 2961 maravedinis
2142 2927 2223 2969 248.

1266 2976 1311 3012 V.
1345 2987 1420 3019 ¹¹9·
1451 2984 1517 3008 una
1541 2983 1620 3007 cum
1645 2971 1799 3006 interesse
1817 3000 1828 3016 ,
1855 2983 1896 3009 ut
1921 2974 1988 3009 dixi
2013 2983 2134 3010 contra
2151 2975 2224 3011 hae-

1266 3022 1379 3059 redem
1403 3048 1413 3063 ,
1440 3020 1531 3069 quasi
1565 3031 1605 3054 ex
1630 3019 1719 3055 fasto
1745 3018 1890 3068 Philippi
1915 3049 1925 3065 ,
1953 3034 2016 3070 pro
2046 3022 2142 3069 cujus
2174 3021 2229 3058 fa.

1267 3072 1323 3106 eto
1358 3070 1506 3117 promitit
1541 3067 1708 3104 Nicolaus
1735 3093 1747 3108 ‚
1784 3079 1853 3105 non
1886 3071 2038 3117 potuerit
2062 3070 2230 3118 consequi.

1266 3119 1437 3166 integrum
1477 3119 1651 3153 numerum
1693 3117 1981 3155 maravedinoruin
2017 3119 2078 3154 fibi
2118 3119 2231 3158 cesso-2

1267 3178 1353 3203 rum.

1319 3213 1547 3251 Difficultates
1562 3241 1570 3256 ‚
1595 3225 1680 3262 quas
1701 3214 1900 3251 Ambrosius
1921 3216 2014 3252 astor
2033 3215 2229 3252 adducebat

1268 3273 1389 3300 contra
1415 3274 1491 3297 euin
1518 3273 1722 3298 conventum
1745 3289 1754 3303 ,
1780 3274 1872 3299 erant
1899 3274 1977 3300 tres.

1319 3309 1446 3352 Prima,
1463 3311 1560 3358 quod
1579 3322 1655 3346 cum
1673 3310 1847 3358 Philippus
1862 3337 1872 3354 ,
1890 3310 2030 3348 admiffo
2047 3312 2146 3347 etiarn
2163 3310 2231 3347 cal-
2244 3343 2262 3366 ι

1271 3359 1352 3394 culo
1367 3359 1423 3393 86.
1442 3369 1697 3404 computorum,
1711 3367 1896 3395 remaneret
1905 3360 2019 3396 adhuc
2033 3359 2186 3395 creditor
2195 3359 2230 3394 in

1270 3405 1443 3452 computis
1456 3405 1605 3446 duobus.
1619 3406 1741 3455 utique
1754 3406 1811 3440 nisi
1827 3418 1886 3452 per
1901 3408 2040 3444 modum
2053 3408 2232 3456 participa-

1272 3454 1374 3489 tionis
1392 3453 1520 3489 iecisset
1544 3454 1718 3490 cessionem
1735 3454 1885 3490 Nicolao
1897 3481 1909 3497 ,
1925 3455 1982 3491 sed
2000 3455 2131 3491 fecisset
2157 3466 2231 3490 eam

1272 3501 1462 3548 simpliciter
1476 3528 1487 3543 ,
1503 3502 1671 3538 Nicotaus
1683 3528 1694 3544 ,
1706 3503 1749 3541 ,δε
1763 3502 2009 3550 consequenter
2023 3503 2146 3545 Julius,
2161 3502 2231 3542 five

1271 3548 1473 3585 Ambrosius
1502 3549 1665 3598 consequi
1695 3549 1880 3595 potuissent
1909 3552 2077 3597 integrum
2111 3560 2231 3585 nume-

1275 3609 1348 3632 rum
1372 3597 1661 3633 maravedinorum
1677 3597 1734 3633 fibi
1757 3596 1920 3641 cessorum
1935 3610 1948 3642 ;
1963 3597 2020 3633 sed
2037 3598 2073 3633 Ν
2076 3598 2205 3634 icolaus
2219 3625 2235 3643 ‚

1273 3644 1430 3680 cedendo
1447 3644 1564 3688 Julio,
1585 3645 1654 3681 five
1679 3646 1820 3681 velimus
1841 3645 1954 3680 dicere
1976 3672 1988 3687 ,
2015 3647 2198 3682 Ambrofio
2219 3674 2231 3690 ‚

1272 3692 1442 3741 obligavit
1461 3691 1493 3729 se
1509 3703 1572 3741 pro
1593 3693 1675 3731 dato
1693 3721 1705 3738 ,
1719 3694 1754 3728 δι
1768 3692 1857 3730 sesto
1870 3693 2027 3741 Philippi,
2041 3695 2076 3730 δε
2089 3694 2233 3734 constat.

2135 3741 2235 3789 quod

2266 3335 2312 3377 74,

2346 1363 2347 1374 l

2346 1387 2348 1435 l
