2400 3939
1233 108 1301 161 08

296 444 1086 550 SEQUUNTUR
1138 439 2218 523 TRANSLATIONES

411 584 1173 647 ALLEGATORUM
1234 583 1478 641 HINC
1541 585 1812 650 INDE,
1879 584 2101 653 QUAE

496 705 569 741 ex
606 682 881 741 idiomate
922 679 1101 749 Italo,
1153 679 1468 761 aliquando
1507 682 1676 737 etiam
1717 674 2026 759 Hispano,

571 775 648 835 fic
679 776 1000 835 redduntur
1035 772 1242 839 latine,
1281 769 1383 831 sed
1415 772 1567 853 stylo
1604 771 1959 840 mercantili,

970 891 1043 926 ne
1081 866 1224 948 quid
1257 866 1566 926 offendare.

422 269 453 291 ᾖ

534 286 558 303 <³

344 1032 357 1036 ”
383 1032 427 1055 <im
448 1046 468 1070 J·
480 1038 500 1072 ‘j
544 1026 573 1060 G
590 1026 619 1060 O
649 1026 695 1059 N.
714 1025 852 1073 affecuro
865 1034 1023 1060 trecentos
1037 1025 1149 1071 scutos
1163 1035 1242 1071 qua-

560 1085 724 1107 ternarum
738 1073 901 1109 librarum
914 1100 923 1114 ,
936 1074 969 1109 (9'
984 1076 1096 1120 accepi
1113 1083 1190 1113 tres,
1206 1071 1240 1107 &⁵

561 1133 629 1156 tres
655 1133 793 1168 quartas
815 1125 848 1156 in
863 1133 987 1156 centum
991 1142 1060 1149 -----
1067 1122 1119 1168 sc.
1137 1131 1239 1165 3000.

382 1191 385 1198 =
414 1184 419 1187 “
498 1170 514 1206 ἶ
562 1182 595 1216 p.
614 1182 689 1214 ¹¹3·
712 1171 804 1211 Nos,
830 1170 972 1204 Thomas
997 1170 1031 1205 (θ’
1056 1169 1243 1215 Alphonsus

496 1232 510 1257 ς
561 1223 593 1252 in
607 1218 754 1265 fhlidum
777 1221 900 1252 virtute
931 1218 1130 1265 prasentium
1158 1217 1244 1250 dici·

1293 1023 1354 1057 huc
1381 1023 1416 1060 (ς’
1440 1022 1515 1057 hinc
1530 1025 1564 1057 in
1581 1021 1734 1059 nundinis
1746 1023 1955 1071 sequentibus
1971 1051 1980 1066 ,
2001 1034 2068 1072 quae
2089 1028 2127 1060 im
2139 1020 2226 1060 ditio

1294 1071 1362 1106 loco
1381 1071 1463 1116 fient
1485 1097 1496 1112 ‚
1524 1082 1579 1105 aut
1599 1070 1681 1106 alibi
1703 1098 1714 1113 ,
1745 1073 1764 1106 ιὶ
1790 1073 1897 1119 nostra
1924 1075 2067 1108 Natione
2083 1100 2094 1116 ,
2126 1076 2226 1123 vulgo

1294 1120 1392 1154 dictis
1410 1121 1647 1160 Bezenzoniis,
1673 1131 1732 1154 aut
1755 1121 1930 1169 ubicunque
1947 1122 2034 1162 loci,
2059 1124 2117 1157 vel
2144 1123 2226 1157 loco-

1293 1180 1365 1202 rum
1387 1167 1444 1215 ipfi
1465 1170 1606 1201 maxime
1628 1177 1894 1214 opportunoritm3
1926 1168 1968 1202 de
1990 1170 2104 1216 quibus
2128 1174 2228 1205 inter-

1292 1215 1349 1263 effe
1379 1217 1413 1253 ἐπ’
1434 1216 1571 1263 expensa
1593 1214 1760 1262 affentiom
1786 1229 1836 1250 me
1845 1219 2012 1262 staturum
2027 1217 2168 1266 simplici
2182 1221 2230 1266 ipa

556 1279 644 1307 mus,
671 1279 727 1300 nos
750 1267 896 1314 accepisse
925 1270 956 1299 in
978 1266 1169 1301 Cartulario
1191 1275 1246 1297 ar·
1284 1267 1374 1310 sius,
1400 1275 1458 1298 aut
1469 1266 1681 1311 personarum
1699 1266 1874 1312 peripsum
1889 1268 2035 1313 legitime
2053 1268 2230 1316 cornmiffa-

298 1319 451 1365 gentario
477 1317 497 1352 ὰ
518 1318 657 1350 Domino
680 1317 848 1348 Dominico
871 1315 915 1349 N.
947 1314 1010 1347 dno
1034 1314 1143 1347 millia
1156 1314 1242 1359 scut.

303 1377 371 1411 quae
382 1367 622 1411 promittimus,
652 1362 685 1398 ὠ
711 1374 854 1397 tenemur
871 1364 1030 1412 negotiari
1056 1365 1089 1395 in
1115 1360 1244 1394 cambia

297 1414 370 1460 fori
389 1413 598 1453 Placentini,
633 1421 691 1444 aut
710 1413 742 1443 in
768 1424 846 1456 quo,
879 1411 1034 1457 quibusve
1061 1411 1163 1450 locis,
1190 1407 1247 1442 ubi

305 1461 410 1503 nostra
432 1462 536 1494 Natio
551 1459 671 1494 tenebit
699 1459 807 1493 ditias
831 1459 993 1492 nundinas
1017 1458 1244 1492 Mediolanen-

297 1509 375 1556 ses,
395 1509 443 1542 ad
462 1519 552 1543 tuum
573 1507 791 1547 commodum,
817 1508 917 1549 nostro
941 1510 1065 1541 nomine
1089 1506 1122 1541 ἐπ’
1145 1506 1247 1547 nostro

307 1559 439 1604 proprio
453 1556 553 1598 rifico,
568 1555 714 1603 periculo
728 1556 762 1590 ((1
780 1556 932 1603 impensa,
949 1559 981 1588 in
998 1567 1093 1588 unum
1109 1567 1246 1593 annum,

314 1604 496 1651 incipiendo
508 1607 541 1638 in
545 1606 706 1652 solutione
720 1606 873 1651 Augusti,
888 1617 969 1637 anno
988 1606 1086 1646 1613.
1099 1615 1156 1649 quo
1169 1615 1248 1636 tem—

308 1661 386 1699 pore
403 1655 621 1699 promittimus
647 1653 682 1688 &⁵
710 1662 854 1685 tenemur
880 1653 1045 1698 restituere
1068 1651 1159 1684 dista
1185 1649 1246 1683 duo

312 1700 424 1734 millia
434 1702 523 1747 [ειη.
545 1713 619 1737 cum
639 1699 784 1734 omnibus
810 1701 910 1733 lucris
929 1701 962 1737 ὅ]
984 1698 1165 1739 beneficiis,
1181 1710 1246 1746 qua

309 1747 389 1782 inde
407 1753 616 1795 provenerint
632 1761 639 1783 :
667 1760 762 1794 quam
769 1748 963 1795 solutionem
979 1751 1088 1794 itaque
1097 1748 1247 1796 praestare

310 1806 369 1833 nos
385 1807 522 1844 oportet,
537 1800 572 1831 in
588 1797 652 1830 tali
669 1806 793 1830 moneta
810 1808 967 1844 argentea
981 1807 1039 1830 aut
1052 1809 1153 1829 aurea
1171 1809 1248 1842 qua—

313 1843 342 1876 li
363 1844 494 1878 cambia
517 1846 691 1879 earundem
715 1844 933 1879 nundinarum
957 1855 1030 1878 tunc
1044 1844 1221 1890 solventur
1237 1869 1248 1884 ,

313 1890 363 1925 ad
376 1891 461 1939 quod
483 1893 621 1935 nostram
633 1893 803 1940 personam
824 1892 1027 1941 obligamus,
1051 1892 1114 1928 &a
1140 1892 1173 1928 (7
1187 1893 1250 1939 fa-

311 1940 456 1975 cttltates
470 1943 503 1975 in
520 1941 744 1988 hypothecam.
775 1942 1000 1975 Declaramus
1015 1952 1073 1988 pro
1095 1941 1152 1974 illo
1169 1951 1249 1974 tem-

308 2000 389 2038 pore
404 1989 440 2028 &
463 1989 622 2031 ulterius,
650 1989 736 2036 quod
752 1989 806 2023 illi
826 1988 958 2023 denarii
973 1988 1063 2035 apud
1077 2000 1132 2023 nos
1147 1989 1248 2035 resta-

311 2039 410 2082 bunt,
434 2039 469 2076 &
488 2039 562 2073 ideo
581 2037 769 2072 debebimus
787 2038 849 2072 tibi
867 2039 1192 2072 DominoDominico
1205 2038 1251 2073 N.

303 2088 461 2134 filmre,
481 2097 543 2134 pro
565 2096 710 2134 computo
731 2084 813 2120 diui
837 2085 922 2120 lucri
940 2086 974 2121 ὢ
998 2085 1158 2119 utilitatis
1181 2095 1253 2119 tan-

311 2138 478 2171 tummodo
494 2138 634 2185 quinque
657 2137 690 2168 in
706 2144 832 2168 centum
844 2146 949 2168 annuo
964 2143 1105 2180 tempore
1116 2159 1125 2172 ,
1141 2133 1183 2166 de
1197 2145 1256 2180 quo

302 2183 352 2229 fic
366 2196 520 2220 convento
531 2184 568 2220 ὠ
585 2182 741 2231 quicquid
754 2181 809 2229 effe
819 2185 938 2230 poterit
951 2183 1043 2215 ultra
1060 2182 1150 2215 difla
1166 2185 1254 2214 ca'm-

313 2232 370 2267 bia
388 2234 547 2267 diciorum
567 2234 704 2278 quinque
725 2242 922 2271 annuorum,
948 2229 1086 2264 liberum
1109 2228 1151 2263 ab
1173 2231 1257 2262 omni

313 2293 416 2329 expett
433 2295 475 2324 a,
508 2280 664 2329 Nostrum
685 2281 748 2312 erit
771 2288 832 2325 per
853 2278 968 2312 eadem
986 2277 1134 2325 promissa
1154 2303 1164 2317 ,
1190 2289 1256 2323 quae

312 2332 477 2373 facimus,
501 2342 541 2364 ea
553 2327 748 2376 negotiandi
762 2354 772 2369 ,
798 2337 856 2360 aut
875 2337 1028 2361 curantes
1043 2328 1202 2374 negotiari
1224 2328 1257 2358 in

312 2378 446 2413 cambia
459 2379 560 2425 nostro
577 2369 694 2411 Eodem
705 2375 796 2421 ristco
808 2400 817 2414 ,
827 2375 973 2421 periculo
994 2375 1027 2410 (Ξῖ
1042 2372 1190 2421 expensa.
1212 2374 1257 2406 Et

312 2429 471 2474 quamvis
490 2422 594 2467 minus
612 2423 688 2458 iilis
706 2427 842 2470 quinque
866 2425 981 2456 annuis
996 2427 1028 2455 in
1046 2432 1173 2456 centum
1197 2433 1259 2454 va-

313 2476 420 2510 lerant
430 2502 440 2516 ,
463 2487 522 2509 non
535 2473 797 2520 computavimus
816 2471 906 2504 ullas
919 2474 1074 2517 expensas
1088 2495 1097 2510 ,
1121 2468 1259 2503 cambiis

317 2527 417 2561 ratio,
429 2527 514 2558 natis
521 2535 583 2570 pro
597 2520 694 2556 modo
710 2521 861 2565 computi,
880 2519 917 2552 id
931 2520 985 2560 esi,
999 2517 1186 2552 Mediolani
1200 2527 1259 2562 per

307 2571 457 2621 singulas
475 2571 666 2613 nundinas3
683 2567 866 2607 intellecto,
891 2567 975 2613 quod
989 2579 1044 2600 nos
1063 2566 1164 2599 iidem
1177 2564 1260 2599 Tho-

316 2632 389 2656 mas
410 2623 445 2656 (9'
462 2619 651 2667 Alphonfits
675 2617 846 2664 Fransom'i
857 2615 994 2662 solvere
1016 2625 1160 2648 tenemur
1179 2613 1262 2647 nihil

311 2679 429 2718 praeter
443 2668 490 2709 id,
515 2668 600 2714 quod
609 2674 805 2713 pepererunt
817 2689 827 2704 ,
854 2674 911 2696 aut
927 2673 1046 2710 parere
1065 2671 1238 2708 potuerunt
1250 2685 1260 2701 ,

316 2718 359 2752 de
373 2729 431 2764 quo
437 2717 483 2763 fic
498 2718 718 2754 convenimus,
736 2712 824 2747 unde
833 2712 1009 2759 praesentes
1024 2713 1057 2744 in
1078 2708 1176 2749 fidem
1189 2720 1263 2745 con-

310 2764 532 2812 firmabuntur
549 2763 653 2802 nostra
676 2762 711 2798 &³
732 2759 890 2807 Alphonfi
909 2772 1018 2793 manu.

316 2815 387 2849 Nos
401 2813 543 2847 Thomas
565 2812 599 2848 ό
619 2810 805 2857 Alphonsus
816 2805 986 2848 Transonii
994 2809 1213 2854 promittimus
1226 2805 1262 2841 &

367 2873 512 2896 tenemur
532 2860 580 2893 ad
607 2862 732 2898 omnia,
765 2869 831 2904 quae
853 2857 958 2903 supra
981 2857 1184 2890 continentur
1195 2854 1262 2900 sub

365 2921 464 2944 manu
481 2909 614 2953 propria
635 2902 734 2952 nostri
761 2903 933 2950 Alphonfi.

320 2972 354 3006 p.
371 2971 424 2999 ¹4·
490 2969 532 3013 go
551 2958 694 2991 Ioannes
717 2952 870 3000 Baptista
883 2953 1008 2985 Scottus
1029 2949 1177 2994 confiteor
1190 2974 1198 2988 ‚
1216 2961 1266 2982 me

321 3005 466 3054 recepffle
483 3017 503 3038 a
517 3003 689 3052 magnifico
705 3000 831 3035 Thoma
855 2999 897 3033 de
919 3001 964 3033 Νι
989 3012 1023 3032 ro
1037 3025 1046 3040 ,
1065 2997 1268 3045 aspeClabili

322 3057 448 3092 Ioanne
465 3054 683 3096 14200.scut.
698 3053 775 3084 auri
796 3012 1172 3096 qttinqueffamparum,
1191 3045 1269 3088 justi

320 3102 475 3151 ponderis
487 3101 521 3137 ὠ·
536 3100 678 3138 valoris,
694 3110 770 3146 quos
783 3097 949 3144 promitto„
969 3097 1003 3130 (θ’
1019 3105 1128 3129 teneor
1131 3093 1267 3139 flavere

324 3152 361 3186 (9⁴
386 3150 553 3191 restituere
580 3147 687 3180 eidem
708 3144 880 3193 magnifico
902 3142 1028 3177 Thomae
1051 3142 1098 3176 ad
1115 3141 1267 3189 quamvis

325 3191 421 3244 ipsius
437 3197 607 3242 fintplicem
623 3193 857 3241 requisitionem
873 3191 908 3227 ὢ
933 3193 1153 3230 voluntatem,
1176 3187 1268 3228 simul

326 3248 361 3281 εἴτ
378 3238 520 3292 intereffe
534 3243 655 3277 cambii
669 3255 708 3275 ac
722 3240 880 3275 recambii
888 3267 897 3279 ,
922 3239 955 3274 (ΞΤ
971 3240 1181 3286 expensarum
1195 3247 1267 3268 cur-

328 3297 472 3327 rentium.
493 3303 546 3325 aut
557 3290 811 3327 currendarum,
827 3290 925 3335 usijue
935 3288 983 3320 ad
994 3290 1155 3335 integram
1160 3286 1267 3331 satis-

323 3343 409 3390 ssfli
414 3353 499 3373 onem
511 3339 756 3386 &solutionem
765 3335 833 3382 fine
847 3336 1019 3375 dilatione,
1035 3345 1094 3368 aut
1112 3332 1184 3366 ulla
1196 3340 1268 3365 con-

328 3389 524 3424 tradufiionc
535 3413 544 3427 ,
561 3385 774 3424 declarando,
787 3383 971 3432 utfignatus
983 3392 1113 3415 maneat
1127 3378 1174 3413 ad
1188 3390 1267 3411 nun-

330 3438 429 3472 dinas
445 3437 611 3480 proximas
620 3433 760 3480 Augusti
771 3458 780 3471 ,
802 3443 866 3479 quae
885 3431 1058 3464 Placentiae
1071 3428 1164 3467 fient,
1180 3438 1268 3460 nem-

330 3495 371 3532 pe
399 3493 498 3517 1200.
512 3484 599 3528 scut.
612 3492 671 3527 per
689 3478 854 3526 66-solt'd.
868 3478 902 3514 ό
919 3489 949 3522 3.
965 3477 1040 3511 den.
1064 3476 1268 3521 3000.scut.

331 3544 390 3580 per
413 3534 467 3577 67.
479 3529 585 3575 solid.
601 3528 713 3573 quibus
731 3530 763 3561 in
785 3526 938 3561 nundinis
956 3525 1094 3574 Augusti
1112 3523 1269 3572 assentior,

335 3592 371 3615 ut
392 3579 470 3613 illos
492 3576 577 3624 poffit
601 3576 734 3610 trahere
749 3600 759 3617 ,
785 3573 874 3610 trahi
889 3574 1025 3621 faciat,
1057 3583 1114 3606 aut
1141 3569 1270 3617 affignet

1295 1325 1367 1347 rum
1388 1316 1572 1356 juramento
1599 1337 1609 1352 ,
1632 1312 1753 1361 absque
1775 1314 1931 1347 ulteriore
1957 1313 2148 1360 probatione
2174 1325 2234 1348 aut

1293 1360 1520 1409 veri-ficatione
1539 1359 1613 1392 ulla
1629 1372 1637 1394 :
1663 1373 1698 1394 eo
1715 1361 1798 1409 quod
1813 1361 1919 1397 dit‘ius
1934 1360 2130 1410 'magnificus
2145 1361 2234 1398 Tho-

1295 1421 1367 1442 mas
1389 1408 1471 1443 mihi
1487 1408 1617 1456 praestat
1636 1409 1673 1444 id
1694 1409 1875 1450 commodi,
1902 1420 1936 1443 ut
1949 1421 2084 1458 gratum
2097 1413 2233 1458 faciat,

1295 1459 1362 1505 ipse
1387 1460 1487 1490 etiam
1507 1458 1702 1504 negotiator,
1727 1459 1761 1492 ὠ·
1785 1460 1839 1503 qui
1849 1458 1936 1504 solet
1949 1458 2138 1506 facultates
2146 1462 2233 1508 sues

1295 1507 1476 1554 negotiari,
1501 1505 1536 1540 (θ’
1560 1508 1592 1537 in
1611 1505 1761 1545 cambia,
1789 1505 1824 1541 (5
1845 1509 1878 1539 in
1899 1517 2043 1547 merces,
2066 1507 2152 1542 Nolo
2164 1511 2233 1542 ita·—

1297 1566 1356 1602 que
1375 1564 1451 1600 ege,
1477 1565 1577 1599 neque
1602 1556 1702 1586 etiam
1721 1564 1785 1600 par
1804 1554 1864 1599 est,
1891 1564 1926 1587 ut
1947 1554 2015 1588 ille·
2022 1558 2172 1601 patiatur
2192 1570 2234 1591 ex

1295 1605 1443 1648 proprio,
1475 1602 1509 1638 ά
1531 1614 1572 1635 ex
1591 1600 1648 1634 hoc
1660 1602 1787 1648 favore
1804 1601 1884 1635 mihi
1902 1603 2039 1649 praestito
2055 1616 2232 1638 accommo-

1300 1650 1384 1683 dans
1403 1648 1484 1683 mihi
1499 1649 1725 1695 supradic‘iam
1744 1653 1908 1695 partitam
1929 1653 2055 1684 ratione
2075 1664 2233 1686 memora-

1299 1708 1355 1736 ta,
1378 1702 1474 1748 jerat
1491 1697 1645 1731 damnum
1667 1699 1957 1743 autpraejudicium
1986 1698 2091 1732 ullum
2107 1726 2118 1741 ,
2147 1701 2234 1735 ltu-ri

1299 1746 1465 1793 ceffantis,
1492 1759 1549 1779 nec
1566 1745 1682 1779 damni
1705 1749 1916 1794 emergentis,
1945 1758 2002 1780 net·
2018 1749 2233 1795 qualicunque

1296 1797 1365 1828 alio
1385 1794 1488 1828 modo.
1527 1794 1630 1843 Q⁰d
1643 1793 1674 1839 si
1693 1793 1740 1826 ad
1761 1795 1984 1828 extinflionem
2007 1795 2100 1840 istius
2129 1797 2236 1830 debiti

1299 1844 1468 1883 eveniret,
1496 1855 1530 1877 ut
1555 1842 1702 1877 traheret
1727 1867 1737 1882 ,
1766 1852 1826 1876 aut
1842 1844 1971 1887 faceret
1997 1843 2088 1877 trahi
2110 1854 2234 1886 totum,

1299 1901 1358 1924 aut
1376 1901 1506 1936 partem
1527 1895 1559 1926 in
1583 1891 1735 1925 nundinis
1752 1890 1949 1924 Placentinis
1964 1890 2158 1938 Neapolim,
2177 1902 2238 1928 aut

1300 1940 1373 1972 alia
1392 1939 1465 1975 loca
1479 1942 1512 1974 in
1537 1939 1674 1985 nostrum
1687 1938 1867 1973 Iohannem
1882 1938 2063 1985 Baptistam
2084 1942 2238 1983 Scottum,

1301 1988 1517 2022 Laurentium
1540 1988 1575 2024 (θ’
1596 1985 1821 2034 Vespasianum
1835 1987 1877 2019 a'e
1895 1989 2012 2027 Mari,
2035 1998 2070 2031 ut
2087 1987 2242 2036 poffitfaa

1301 2047 1397 2076 cere,
1436 2038 1468 2074 (9
1493 2049 1544 2071 me
1567 2035 1672 2083 obligo
1691 2060 1701 2075 ,
1732 2034 1817 2081 quod
1841 2035 1863 2073 li
1879 2045 1940 2081 pro
1962 2035 2019 2080 isto
2041 2035 2151 2070 debito
2175 2038 2242 2085 ipse

1303 2083 1417 2116 trahat
1440 2110 1449 2125 ,
1478 2095 1536 2119 aut
1561 2083 1654 2130 ipsius
1672 2082 1753 2130 juffi‘
1776 2083 1867 2116 alius
1891 2086 2073 2130 quispiam,
2095 2084 2244 2133 prompte*

1293 2131 1468 2177 solventur
1491 2159 1502 2174 ,
1539 2132 1575 2170 Θ
1603 2131 1660 2177 ipsi
1683 2131 1827 2177 prompte
1844 2130 1993 2178 satisfiet
2028 2130 2071 2165 de
2095 2133 2240 2167 omnibus

1306 2179 1438 2214 damnis
1459 2182 1494 2218 (θ’
1517 2180 1660 2228 intereffe
1676 2206 1686 2219 ‚
1702 2178 1735 2221 fi
1755 2191 1822 2226 quae
1845 2180 1922 2224 casu
1943 2178 2009 2225 ipso
2031 2179 2240 2215 oboriantur:

1305 2227 1451 2274 affentior
1475 2232 1576 2263 etiam
1595 2238 1768 2274 propterea
1788 2239 1838 2261 me
1855 2227 1998 2274 simplici
2016 2253 2026 2268 ‚
2059 2231 2128 2272 ejus
2143 2233 2238 2272 jura-

1305 2286 1409 2310 mento
1423 2303 1432 2317 ,
1463 2288 1522 2311 aut
1541 2277 1750 2325 personarum
1765 2269 1808 2309 a‘b
1828 2277 1894 2323 ipsi>
1913 2277 2054 2324 legitime
2072 2277 2241 2323 commisso-

1306 2334 1376 2356 rum
1380 2325 1546 2371 staturum
1557 2352 1567 2366 ,
1581 2323 1701 2370 absque
1714 2324 1786 2357 alia
1798 2324 2002 2370 probatione,
2021 2335 2076 2358 aut
2088 2324 2243 2364 verifica-

1307 2373 1392 2404 tione
1406 2374 1499 2415 ulla,
1527 2374 1690 2419 utisupra
1711 2371 1844 2406 dictum.
1871 2374 1917 2406 Et
1933 2371 1981 2405 ad
1997 2371 2054 2406 hoc
2069 2372 2120 2416 sic
2137 2373 2243 2421 obser-

1307 2420 1455 2456 vandum
1475 2422 1508 2459 c&
1529 2419 1775 2467 adimplendum
1788 2420 1892 2468 obligo
1908 2432 2013 2453 meam
2024 2422 2191 2468 personam
2205 2422 2241 2457 dt

1308 2467 1390 2503 bona
1401 2472 1568 2517 prasentia
1584 2469 1618 2505 ἀπ’
1626 2469 1747 2515 futura
1759 2493 1768 2508 ,
1785 2471 1908 2502 nomine
1920 2468 2112 2514 hypotheca,
2127 2479 2242 2503 renun-

1309 2518 1414 2558 tians,
1443 2520 1508 2555 &a
1525 2516 1826 2564 &particulariter
1839 2515 1980 2551 omnibus
1994 2516 2135 2565 legibus,
2152 2517 2244 2551 ordi-

1309 2567 1455 2606 nuntiis,
1473 2567 1613 2611 statutis
1639 2564 1674 2601 (ρ’
1693 2563 1868 2598 canonibus
1888 2575 1958 2598 tam
1982 2564 2219 2611 Ecciefiasticis
2231 2591 2244 2606 ‚

1312 2625 1408 2660 quam
1419 2614 1650 2661 secularibus,
1675 2614 1812 2659 quisunt
1825 2623 1883 2647 aut
1899 2612 1955 2660 ff
1968 2612 2083 2660 poffem
2097 2615 2130 2647 in
2140 2625 2246 2648 meum

1312 2661 1532 2705 commodum3
1557 2662 1635 2696 Volo
1660 2663 1761 2694 etiam
1776 2686 1784 2699 ,
1815 2671 1849 2694 ut
1875 2661 1957 2702 illaec
1975 2661 2090 2695 littera
2109 2661 2248 2695 eandem

1313 2713 1384 2743 vim
1399 2709 1432 2746 &¹
1448 2713 1596 2758 vigorem
1610 2707 1729 2742 habeat
1740 2735 1749 2748 ,
1763 2722 1804 2742 ac
1817 2709 1840 2747 fi
1854 2709 2094 2751 instrumentum
2107 2709 2177 2756 effet
2189 2721 2249 2755 pu»

1309 2758 1433 2792 blisum
1444 2783 1453 2798 ‚
1476 2761 1495 2792 ἀ
1511 2757 1624 2791 Scriba
1635 2756 1765 2803 publico
1778 2756 1980 2803 requisitum,
2004 2768 2077 2790 cum
2091 2756 2252 2804 clausulis

1303 2807 1417 2853 fiditis
1437 2805 1485 2839 ad
1509 2807 1626 2846 similia
1643 2805 1850 2851 instrumenta
1863 2831 1874 2844 ,
1895 2808 2033 2847 jurans,
2057 2804 2141 2850 quod
2161 2804 2254 2838 nullo

1313 2854 1406 2889 modo
1427 2855 1674 2887 contraveniam
1689 2852 1937 2901 superioribus,
1967 2855 2016 2886 uti
2038 2852 2112 2886 dixi
2134 2853 2169 2888 (ς’
2199 2852 2252 2886 di-

1314 2915 1362 2943 co,
1377 2902 1462 2949 quod
1471 2901 1700 2948 absolutionem
1710 2902 1730 2934 a
1734 2900 1928 2948 supradiHo
1933 2903 2117 2943 juramento
2127 2913 2186 2935 non
2193 2911 2252 2948 pe—

1315 2951 1466 2996 tarn,sed
1481 2949 1564 2996 quod
1580 2960 1680 2984 totum
1695 2959 1875 2982 contentum
1885 2951 1919 2982 in
1932 2948 1994 2982 hac
2010 2949 2122 2982 littera
2134 2959 2192 2996 per
2203 2960 2256 2983 me

1316 2998 1558 3032 inviolabiliter
1585 2996 1830 3043 observabitur,
1853 2997 1972 3043 absque
1989 2995 2173 3044 oppofitione
2194 3007 2256 3030 aut

1316 3045 1568 3080 contradictione
1585 3044 1668 3080 ullc'i.
1705 3045 1750 3079 Et
1766 3048 1799 3078 in
1812 3044 1920 3088 fidem
1936 3047 2093 3079 veritatis
2115 3046 2255 3092 praesens

1316 3095 1431 3128 littera
1439 3093 1622 3142 signabitur
1639 3095 1770 3140 propria
1793 3104 1866 3126 mea
1889 3105 1986 3126 manu
2004 3119 2013 3133 ‚
2046 3091 2255 3141 presentibus

1316 3143 1466 3176 Dominis
1482 3142 1639 3187 Stephano
1654 3143 1844 3181 Canevaro,
1858 3139 2004 3176 Iohanne
2016 3142 2163 3187 Baptista
2183 3142 2254 3188 Sig-

1316 3192 1440 3237 nifero,
1468 3189 1502 3224 dr
1519 3191 1616 3223 Petro
1635 3189 1803 3235 Francisco
1815 3190 1970 3229 Marino,
1996 3191 2102 3234 quiex
2118 3201 2190 3222 mea
2199 3199 2255 3222 vo-

1317 3239 1446 3272 luntate
1463 3263 1472 3277 ,
1498 3236 1692 3281 &in-fidem
1717 3238 1875 3270 veritatis
1888 3235 2097 3283 subscribent
2113 3236 2255 3284 propriis

1317 3285 1478 3319 manibus.
1504 3287 1632 3320 Genuae.
1652 3296 1704 3330 ις.
1721 3285 1804 3322 Julii
1828 3296 1926 3332 1597.
2209 3307 2211 3312 ι

1319 3392 1351 3426 ρ.
1372 3393 1446 3425 ¹¹7·
1472 3382 1727 3460 Numerateger
1748 3379 1843 3424 istam
1854 3383 1995 3426 primam
2018 3380 2164 3415 litteram
2183 3380 2258 3425 pri-

1318 3441 1368 3461 mo
1387 3430 1459 3463 Oc‘t.
1478 3431 1572 3462 Lucae
1592 3427 1633 3461 de
1685 3439 1737 3460 oro
1750 3438 1813 3472 45.
1828 3428 1954 3471 libras,
1979 3440 2046 3476 quae
2061 3430 2182 3474 inpari
2195 3440 2258 3461 va-

1318 3477 1386 3509 lore
1400 3477 1452 3509 hir
1467 3486 1600 3522 recepto:
1608 3476 1687 3520 sunt
1703 3475 1722 3508 ὰ
1737 3475 1842 3521 Masto
1855 3477 1985 3511 Rhena:
2011 3486 2179 3509 numerate
2199 3488 2258 3509 ve-

1319 3523 1356 3559 ro
1376 3522 1571 3570 tempestivi,
1594 3525 1626 3558 (sy
1646 3535 1750 3556 meum
1766 3525 1799 3556 in
1809 3535 1989 3573 computum
2001 3522 2150 3569 scribite,
2164 3523 2199 3560 ὠ
2216 3525 2255 3558 R.

1318 3574 1369 3606 ita
1389 3571 1530 3616 Christus
1550 3581 1606 3603 nos
1624 3571 1746 3613 salvet.

2171 3620 2253 3654 Bon·
