2400 3939
253 789 319 832 ioq-

256 2829 321 2852 110

254 3320 315 3343 111

324 228 461 386 {1¹3³}
474 301 546 350 quo
557 294 654 336 ‘adest
670 300 883 348 delinquens,
899 309 936 334 ut
951 298 1109 334 satellites
1138 308 1258 344 appre-

350 363 412 385 leit
432 362 498 387 ant-

252 399 311 442 if>3
363 400 509 435 Declara
527 399 650 439 tertio,
667 402 705 433 ut
718 396 939 431 manifestatio
955 393 1076 430 debeat
1094 387 1166 428 fieri
1183 403 1261 426 curn

328 449 579 494 juramento,ut
594 446 689 481 sentit
706 447 835 494 Gloſjlin
847 446 869 490 l.
884 458 914 478 2.
926 447 959 478 in
974 441 1263 486 verb0‚jurarafi=··

330 498 386 536 de,
397 499 431 531 C.-
451 496 577 543 quando
596 497 630 532 (fs
643 495 827 542 quibffuar.
838 493 975 540 paulib-
991 497 1043 526 ιο.
1056 493 1089 526 ὅ(
1102 491 1263 537 alii,quos

329 543 545 579 secutussuni
561 543 631 590 sup.
647 551 679 577 ti.
697 553 756 583 ⁴9¹-
769 542 856 575 decl.
875 554 905 575 ι.
1162 581 1164 584 ‚

361 592 430 627 Sed
445 604 484 625 an
502 592 534 625 in
558 591 622 624 liae
634 588 901 624 manifestatione
919 589 1133 636 requirantur
1154 586 1259 621 solen-

331 641 467 681 nitates,
481 651 562 686 qnae
582 650 621 672 ex
632 637 738 672 forma
764 637 967 672 statutorum
992 636 1210 684 requiruntur
1227 633 1261 668 in

331 688 570 728 continemus,
589 686 733 733 aliisque
754 685 1048 733 praejudicialibus
1063 683 1260 724 mulierum,

328 747 399 770 non
415 734 574 770 discutio.-

372 783 518 818 Declara
540 788 667 830 quarto
683 809 693 823 ,
717 789 756 817 ut
772 781 814 816 ad
838 780 1048 816 obviandum
1071 779 1262 816 inconstan-

331 833 393 867 tias
405 832 582 866 mulierum
596 830 758 878 perjurias
770 856 779 872 ,
798 841 880 876 quae
902 828 1045 864 errando
1058 854 1068 869 ,
1093 828 1259 871 credunt,

332 883 560 927 juramentum
587 879 765 913 coniistere
789 889 828 912 ex
861 888 956 925 parte
989 877 1169 912 verborum
1194 889 1260 911 rna-

331 929 383 975 gis
398 954 407 969 ,
434 940 534 975 quam
563 937 602 961 ex
621 938 715 973 parte
741 938 847 961 rerum
870 929 888 973 (
910 927 942 961 &
967 924 1000 959 in
1024 926 1094 960 hoc
1108 925 1260 972 proprias

329 977 453 1011 animas
473 976 680 1022 decipiunt)
704 974 849 1010 debeant
888 972 1092 1008 manifestare
1122 973 1233 1009 omnia
1248 1000 1263 1015 ,Α

329 1025 363 1060 δι
390 1025 518 1071 singula
532 1025 622 1058 bona
642 1023 747 1057 mariti
763 1049 773 1063 ,
803 1033 885 1070 qua²
902 1020 1115 1061 habuerunt,
1130 1021 1184 1055 vel
1201 1021 1261 1057 ha-

327 1071 410 1109 bent
442 1084 501 1118 per
528 1071 583 1112 se,-
613 1072 667 1105 vel
692 1070 771 1105 alias
794 1070 965 1116 personas,
999 1069 1053 1105 vel
1080 1069 1102 1104 si
1127 1069 1181 1104 alii
1199 1082 1261 1118 pro

329 1122 395 1162 eis,
423 1122 456 1155 &
485 1120 528 1154 de
544 1131 662 1154 eorum
688 1119 883 1159 voluntate,
916 1118 970 1152 vel
989 1117 1032 1153 a'd
1061 1129 1172 1153 earum
1195 1116 1260 1152 dis-

326 1168 528 1216 positionem
555 1168 764 1209 habuerunt,
779 1177 838 1202 aut
856 1167 1002 1207 habent,
1022 1177 1138 1215 quare,
1159 1165 1180 1199 fi
1196 1177 1260 1200 ma-

326 1214 482 1251 nifestant
506 1214 635 1264 aliquid
651 1242 661 1257 ,
686 1215 812 1251 debent
829 1242 839 1256 ,
869 1214 928 1250 illo
950 1213 1157 1250 manifestato
1175 1241 1182 1254 ,
1201 1213 1260 1248 ad-

327 1267 434 1307 dere,
458 1264 556 1312 quud
581 1263 673 1299 aliud
701 1277 769 1299 non
793 1263 1003 1303 habuerunt,
1033 1263 1101 1299 &c-
1127 1262 1148 1296 si
1177 1274 1259 1297 vero

328 1314 413 1348 nibil
436 1314 570 1359 penitus
592 1311 800 1347 manifestent
817 1339 828 1354 ,
857 1312 981 1346 debent
999 1310 1127 1346 servare
1139 1310 1259 1357 simpli-

329 1374 401 1397 cern
424 1361 564 1397 formam
582 1360 774 1408 negativam
789 1387 798 1401 ,
828 1360 925 1407 quod
945 1359 1026 1393 nihil
1040 1359 1231 1394 habuerunt
1248 1385 1258 1400 ,

331 1422 395 1446 nec
415 1412 561 1452 habent,
588 1410 653 1443 &c.
680 1419 719 1443 ut
742 1410 773 1444 in
793 1407 953 1456 praediea
979 1407 1141 1450 formula,
1167 1406 1260 1443 haec-

333 1468 403 1507 que
426 1455 566 1495 formula
595 1457 736 1494 traditur
758 1458 777 1493 ὰ
792 1458 872 1503 stat.
894 1457 1034 1491 Genuen.
1060 1456 1117 1491 lib'.
1137 1465 1166 1502 5.
1186 1460 1259 1503 rap.

334 1512 366 1543 6.
381 1511 414 1543 ὅ(
427 1510 504 1556 quia
516 1508 561 1542 est
578 1506 725 1543 consona
740 1506 872 1542 rationi.
883 1505 1002 1541 censeo
1012 1503 1106 1553 posse
1118 1504 1260 1552 ubique.

256 1576 318 1610 3105
371 1555 516 1592 Declara
536 1556 679 1604 quinto,
708 1567 748 1591 ut
768 1556 912 1590 debeant
936 1566 1003 1589 non
1034 1553 1187 1594 obscure,
1203 1553 1261 1589 sed

332 1605 420 1640 clare
441 1604 669 1645 manifestare,
697 1603 880 1651 praesertim
904 1614 955 1637 res
987 1602 1260 1649 consumptas,&

329 1667 400 1689 non
427 1665 576 1688 extantes
590 1679 600 1694 ,
630 1652 849 1698 exprimendo
872 1651 1109 1699 quantitatem,
1129 1652 1162 1686 ὅ(
1176 1662 1260 1698 qua-

328 1703 457 1738 litatem
485 1711 615 1742 rerum,
638 1701 719 1748 quia
750 1701 839 1748 paria
859 1700 957 1739 sunt,
982 1711 1050 1733 non
1075 1699 1260 1733 manifesta-

330 1762 388 1791 re,
419 1751 473 1784 vel
499 1763 566 1785 non
587 1750 675 1784 clare
701 1748 929 1788 manifestare,
966 1748 1052 1781 ficut
1081 1748 1170 1793 paria
1187 1747 1261 1783 sunt

329 1812 399 1835 non
419 1798 621 1845 respondere
634 1825 642 1839 ,
668 1799 722 1831 vel
739 1797 881 1832 obscure
898 1795 1098 1842 respondere
1115 1824 1123 1837 ,
1152 1807 1190 1831 ut
1214 1797 1259 1831 la-

329 1858 365 1884 te
382 1847 517 1882 secutus
540 1846 609 1881 sum
630 1850 662 1881 in
688 1859 756 1881 meo
774 1846 870 1880 traH.
886 1845 927 1879 de
937 1845 1012 1888 jud.
1034 1846 1121 1893 caus.
1151 1845 1210 1880 lib.
1228 1857 1258 1880 2.

329 1910 359 1933 c.
377 1909 409 1942 7.
425 1909 456 1930 n.
474 1897 551 1942 526.

252 1959 337 1997 306-
368 1944 548 1991 Reslringe
558 1943 644 1978 hanc
660 1941 934 1984 declarationem,
951 1950 1069 1977 utnon
1092 1941 1259 1988 procedat

328 2006 362 2028 in
381 1992 493 2027 multis
508 1993 646 2027 cafibus.

378 2040 509 2076 Primus
526 2041 621 2075 casus
650 2039 695 2074 est
714 2066 723 2081 ‚
759 2039 899 2086 quando
923 2038 1043 2072 mulier
1066 2050 1133 2073 non
1166 2043 1262 2074 tene-

327 2099 421 2127 retur
443 2088 649 2129 manifestare
662 2115 671 2130 ,
697 2087 776 2136 quia
789 2097 871 2121 tunc
892 2086 1114 2121 manifestatio
1128 2114 1138 2129 ,
1155 2097 1261 2135 quan-

330 2137 641 2177 tumvisxobscura,
662 2148 732 2170 non
761 2135 914 2181 rejicitur
943 2146 983 2169 ex
1009 2135 1171 2181 pluribus.
1190 2135 1263 2170 Pri-

331 2196 400 2227 mo,
413 2185 494 2233 quia
511 2186 570 2233 qui
588 2198 656 2221 non
669 2194 804 2220 tenetur
838 2183 918 2217 dare
946 2183 1093 2217 libellum
1113 2210 1122 2225 ‚
1147 2183 1261 2219 dando

332 2232 597 2275 obscurum,seu
612 2234 774 2279 ineptum,
786 2243 852 2266 non
870 2231 1034 2277 rejicitur,
1048 2232 1137 2270 Abb.
1152 2233 1258 2266 Bald.

333 2285 468 2318 Maran.
489 2282 580 2317 Gail.
596 2283 630 2320 (9'
642 2285 713 2316 Rot.
725 2280 849 2327 divers.
865 2287 941 2326 quor
947 2282 1082 2328 secutus
1098 2282 1176 2327 sum
1182 2282 1260 2327 sup.

252 2352 318 2389 107
333 2333 402 2377 §.2.
414 2331 471 2383 gl.
490 2332 725 2383 1.num.·i3.·†
745 2329 907 2364 Secundo
922 2354 931 2369 ,
957 2339 1038 2375 quia
1055 2329 1113 2362 ubi
1129 2339 1195 2364 non
1212 2340 1261 2362 re-

333 2390 481 2428 quiritur
503 2378 795 2418 solemniscitatio,
817 2375 900 2410 nihil
913 2374 1024 2418 refert,
1042 2376 1263 2423 sinonlegiti-

332 2439 386 2461 me
414 2427 659 2468 intervenerit,
694 2428 784 2460 Rom.
821 2425 855 2461 ό
890 2425 1000 2459 Nicel.
1040 2437 1116 2472 quos
1135 2426 1262 2468 secutus

253 2476 401 2528 ¹03sum
423 2475 458 2510 d.
478 2476 527 2523 gl.
556 2487 585 2509 1.
606 2486 728 2513 numer.
750 2474 842 2519 ¹4·†
856 2471 1000 2513 Tertio,
1025 2472 1102 2519 quia
1117 2473 1175 2506 ubi
1190 2485 1261 2507 non

334 2534 517 2570 requiritur
536 2522 720 2562 conclusio,
734 2520 909 2569 petitionis
922 2546 933 2562 ‚
965 2520 1047 2555 nihil
1067 2520 1193 2563 refert,
1221 2528 1263 2555 an

334 2572 439 2613 male,
466 2571 518 2605 vel
536 2572 622 2606 bene
643 2570 726 2605 fasta
752 2570 812 2610 sit,
835 2571 930 2602 Bart.
958 2580 1060 2616 quem
1074 2568 1169 2603 secus
1190 2568 1260 2604 sum

256 2641 321 2673 109
334 2619 408 2671 eaqi.
429 2620 477 2668 gl.
506 2632 534 2653 ι.
558 2630 680 2654 numer.
705 2629 757 2663 ¹5·
779 2619 806 2663 †
826 2617 964 2661 Quarto
979 2644 987 2659 ‚
1015 2616 1136 2652 omiffis
1159 2618 1230 2652 aliis
1249 2644 1260 2660 ‚

334 2678 414 2714 quia
443 2668 488 2701 est
514 2668 630 2713 regula
656 2666 839 2714 generalis,
864 2663 964 2713 quod
985 2665 1045 2700 ubi
1077 2664 1168 2700 astus
1193 2675 1262 2701 nori

335 2716 382 2749 est
413 2715 628 2755 necessarius,
652 2714 731 2750 nihil
750 2714 889 2753 referat,
915 2725 956 2748 an
975 2713 1080 2756 male,
1107 2714 1160 2748 vel
1176 2715 1263 2749 bene

335 2763 373 2798 fit
388 2762 504 2806 fastus,
521 2773 558 2799 ut
573 2762 681 2808 scripsi
698 2759 902 2811 ead.gl.suh
916 2773 945 2795 n.
965 2768 1014 2796 12⁴.

384 2811 603 2860 Exemplifica
619 2811 710 2844 hunc
721 2809 830 2845 casum
847 2809 881 2842 in
896 2810 1010 2855 legato
1023 2835 1032 2850 ,
1053 2809 1169 2846 relisto
1179 2814 1264 2845 uxo*

335 2859 389 2903 ri,
421 2861 501 2907 quia
525 2871 593 2894 non
610 2867 746 2894 tenetur
772 2856 978 2892 manifestare
1011 2857 1045 2891 id
1069 2858 1168 2905 quod
1191 2859 1264 2904 ejus

337 2909 389 2941 vir
406 2909 464 2943 fibi
486 2907 624 2955 legavit.
641 2907 756 2941 Primo
773 2933 782 2947 ‚
808 2905 888 2953 quia
906 2904 1111 2940 manifestare
1128 2906 1263 2949 omnia,

335 2957 368 2991 &
394 2956 519 3003 fingula
546 2957 634 2990 bona
662 2954 789 2996 mariti,
814 2954 846 2988 in
861 2952 982 2988 εΗεξὶιι
1004 2960 1070 2989 non
1089 2955 1135 2988 est
1150 2953 1262 2996 aliud,

333 3015 435 3051 <sam
461 3005 541 3039 nibil
563 3004 738 3039 occultare
765 3003 809 3038 de
838 3001 936 3037 bonis
957 3001 1090 3046 mariti;
1119 3001 1173 3037 sed
1204 3002 1265 3050 qui

334 3052 458 3087 retinet
480 3065 568 3093 rem,
592 3052 649 3086 fibi
679 3051 821 3098 legatam
838 3076 848 3091 ‚
873 3061 941 3085 non
966 3050 1121 3086 occultat
1137 3050 1265 3098 aliquid

334 3100 378 3135 de
401 3102 499 3137 bonis
523 3099 641 3135 mariti.
673 3098 856 3139 Secundo,
881 3098 1006 3145 qtiiain
1026 3110 1080 3140 re,
1107 3100 1206 3134 uxori
1219 3099 1265 3133 le-

334 3159 412 3195 gata
430 3176 440 3190 ‚
469 3150 577 3184 haeres
604 3159 718 3195 neque
745 3146 988 3182 restitutionem
1006 3172 1016 3187 ,
1038 3158 1152 3195 neque
1175 3147 1265 3183 solu-

336 3197 463 3232 tionem
487 3195 596 3244 potest
607 3195 830 3243 praetendere,
847 3206 930 3241 ergo
944 3192 1151 3232 frustratoria
1162 3195 1209 3230 est
1222 3195 1264 3230 il-

334 3244 398 3279 lius
413 3245 459 3280 rei
482 3243 713 3280 manifestatio.

385 3293 566 3328 Secundus
591 3291 685 3330 casus
711 3291 758 3325 est
791 3302 867 3326 cum
895 3290 1116 3327 distinetione.
1135 3292 1212 3326 Aut
1226 3289 1264 3325 is-

335 3351 368 3376 ta
395 3341 578 3377 obscuritas
599 3341 644 3375 est
670 3349 779 3380 tanta,
802 3350 841 3375 ut
861 3338 1047 3375 adversario
1076 3340 1174 3376 tollat
1202 3339 1264 3374 de-

334 3389 514 3424 fensionem
531 3417 540 3429 ,
572 3390 605 3424 &
631 3399 716 3423 tunc
739 3387 816 3423 haec
842 3387 1027 3423 obscuritas
1047 3396 1115 3424 tion
1141 3388 1264 3422 tolera-

334 3447 401 3473 tur.
425 3439 475 3472 At
499 3437 685 3472 obscuritas
711 3447 780 3469 non
794 3435 837 3469 est
855 3447 944 3471 tanta
963 3463 973 3477 ,
992 3444 1075 3483 quae
1088 3435 1188 3471 tollat
1202 3435 1260 3470 de·

333 3484 533 3526 sensionem,
565 3484 649 3519 idest
672 3484 726 3530 jus
750 3483 976 3518 convincendi
993 3496 1062 3519 eam
1083 3483 1128 3519 de
1144 3483 1262 3519 occul-

332 3532 484 3573 tatione,
505 3534 537 3567 &
558 3531 694 3573 fraude,
720 3533 752 3566 δε
769 3542 852 3567 tunc
867 3532 923 3565 issa
948 3531 1132 3567 obscuritas
1142 3531 1188 3566 est
1206 3541 1263 3567 to-

330 3580 475 3616 lerabilis
489 3607 498 3619 ,
516 3592 576 3627 per
598 3591 635 3613 ea
648 3606 657 3619 ,
681 3591 762 3625 quae
784 3580 827 3615 de
839 3579 980 3616 obscura
995 3580 1163 3627 petitione
1187 3579 1263 3615 scri-

330 3630 378 3677 pfi
394 3632 428 3666 in
447 3641 516 3666 meo
534 3629 630 3666 trafi.
653 3627 695 3662 de
708 3628 814 3671 judic.
841 3632 930 3678 caus.
943 3629 1002 3666 lib.
1028 3642 1056 3664 i.
1078 3643 1107 3664 c.
1133 3639 1187 3675 50.
1203 3630 1262 3667 sub

696 192 1057 286 Sigismundi
1079 196 1322 261 Scacciae
1344 196 1541 261 Τιέῑᾶἷό
1566 192 1640 261 de
1664 204 1956 262 Commer.

1315 309 1440 331 numer.
1461 310 1512 345 ¹7·
1529 309 1620 331 vers.
1643 297 1701 332 hoc
1717 297 1850 334 dissum.
1879 300 1957 333 Aut
1984 297 2044 333 issa'
2061 298 2248 337 obscuritas

1317 344 1494 385 redundat,
1518 358 1583 379 non
1597 345 1629 378 in
1647 344 1803 379 damnum
1824 345 1970 381 liaeredis
1984 373 1993 387 ,
2018 346 2073 383 sed
2093 347 2127 382 in
2151 349 2246 382 darn-

1317 402 1396 428 num
1410 393 1554 428 mulieris
1566 393 1812 435 manisestatiti2‚
1828 404 1866 428 ut
1880 406 1974 441 puta,
1989 395 2069 443 quia
2083 408 2144 436 res,
2160 408 2246 444 quas

1317 440 1586 488 manifestat,jar'-n
1604 440 1819 487 consumpsit,
1831 453 1904 489 quo
1915 442 1989 477 casu
2001 443 2109 490 posset
2121 445 2186 478 elle
2195 446 2246 479 lo-

1318 499 1380 523 cus
1390 489 1582 534 juramento
1592 491 1656 525 adv
1664 489 1771 524 ersarii
1787 501 1862 525 cnm
1875 491 2194 538 taxationejudiciS,
2211 495 2246 528 &

1318 547 1401 572 tunc
1414 539 1494 585 quia
1511 538 1657 573 liaeredis
1671 549 1739 572 non
1753 538 1899 578 interest,
1918 551 1986 573 non
2004 540 2115 585 potest
2132 541 2158 574 is
2173 554 2245 577 eam

1317 584 1526 632 impugnare,
1539 587 1618 633 quia
1636 586 1668 620 in
1680 585 1810 632 judicio
1825 599 1891 622 non
1904 587 2106 629 admittitur,
2122 589 2179 623 nisi
2206 590 2245 631 is,

1316 636 1419 679 cujus
1430 636 1575 674 interest,
1588 635 1746 680 exceptio
1760 634 1858 674 enim,
1876 644 1934 668 tua
1949 648 2018 670 non
2036 636 2183 677 interest,
2195 649 2246 671 re-

1315 681 1408 727 pellit
1420 693 1586 729 agentem,
1598 692 1638 717 iit
1656 680 1898 730 scripsifitpr.§.
1915 684 2247 733 2.gl.5.subn.142.

1315 730 1410 771 verli.
1428 730 1491 766 his.
1838 773 1841 775 ,
2140 749 2143 751 >

1358 777 1497 812 Tertius
1522 777 1615 812 casus
1639 779 1685 813 est
1699 805 1708 819 ,
1729 778 1867 826 quando
1881 787 2021 826 propter
2037 780 2246 828 oblivioner'n

1316 824 1437 860 clarior
1449 826 1520 860 fieri
1533 839 1598 861 non
1619 826 1736 874 pollet,
1748 828 1827 874 quia
1844 839 1925 862 tunc
1937 828 2031 875 rejici
2049 840 2114 863 non
2130 829 2245 873 debet,

1316 874 1350 908 ὅ(
1361 873 1428 908 hoc
1442 874 1628 910 deducitur
1642 875 1834 920 dupliciter.
1855 875 1966 911 Primo
1978 903 1985 916 ,
1999 877 2080 923 quia
2099 878 2246 925 impossi-

1316 922 1433 956 bilium
1457 925 1545 957 nulla
1559 924 1605 957 est
1632 924 1815 969 obligatio,
1834 925 1857 958 1.
1883 925 2181 972 impostibilium.ff.
2203 927 2245 961 de

1315 982 1384 1019 reg.
1399 973 1463 1013 jur.
1480 974 1505 1018 †
1522 971 1697 1011 Secundo,
1711 972 1791 1018 quia
1808 984 1870 1006 nos
1881 972 2032 1007 videmus
2044 999 2053 1011 ,
2077 974 2174 1021 quod
2187 975 2246 1010 etsi
2299 973 2303 975 i
2358 987 2364 996 ’
2385 982 2387 1005 ί

1316 1018 1491 1054 accusator
1505 1025 1658 1054 teneatur
1676 1020 1860 1065 exprimere
1875 1020 1962 1054 diem
1974 1020 2085 1055 delicti
2098 1048 2108 1062 ,
2119 1022 2162 1057 ad
2177 1024 2246 1058 hoc

1317 1071 1354 1100 ut
1371 1079 1446 1101 reus
1467 1067 1564 1114 poffit
1583 1067 1614 1102 se
1627 1067 1822 1109 defendere,
1835 1068 1988 1109 tamen,s1
2002 1069 2178 1106 accusator
2191 1079 2246 1106 ve-

1317 1114 1489 1158 rifimilitet
1511 1128 1579 1150 non
1595 1115 1793 1150 recordetur
1808 1142 1816 1157 ‚
1848 1129 1915 1149 non
1932 1118 2072 1162 cogitur
2084 1113 2248 1166 exprime-

1316 1174 1362 1202 re,
1375 1165 1465 1210 Boss.
1483 1164 1578 1198 nael.
1593 1167 1726 1198 crimen.
1760 1167 1812 1198 tit.
1830 1165 1871 1199 de
1887 1166 2021 1211 inquisit.
2047 1167 2106 1200 sub
2133 1181 2163 1202 n.
2187 1179 2247 1212 9²·

1316 1211 1350 1247 &
1372 1223 1442 1245 erse
1459 1221 1654 1246 communem
1667 1214 1852 1259 pra't‘Yicam
1863 1240 1871 1253 ,
1889 1214 2026 1255 testatur
2038 1209 2130 1250 Clar.
2143 1217 2202 1251 lib.
2215 1228 2247 1262 5.

1315 1260 1676 1308 receptaenngfiqaz.
1691 1260 1862 1299 verfi.dixi
1874 1264 1986 1302 etiam,
1997 1265 2030 1295 in
2037 1263 2077 1307 fi.
2089 1263 2124 1300 (ἃ
2136 1268 2248 1311 requi-

1315 1317 1387 1347 tur,
1402 1307 1574 1342 dummodo
1592 1319 1764 1342 accurator
1787 1309 1981 1344 oblivionem
1995 1315 2068 1344 cum
2076 1315 2247 1355 juramen-

1315 1366 1347 1390 ιο
1359 1354 1510 1402 affirmet,
1529 1358 1561 1393 ὠ
1574 1358 1771 1406 egosetmur
1783 1369 1850 1390 sun.
1866 1358 1899 1391 d.
1911 1358 1967 1392 lib.
1986 1369 2010 1392 1.
2032 1373 2060 1392 c.
2075 1370 2129 1404 51.
2141 1372 2174 1394 n.
2191 1362 2245 1407 36.

1346 1403 1542 1449 Exemplica
1563 1406 1653 1440 hunc
1670 1403 1790 1443 casum,
1804 1405 2179 1452 quando'manifestatio
2189 1419 2245 1457 pe·-

1317 1462 1443 1488 teretur
1452 1452 1509 1486 diu
1527 1454 1599 1499 post
1612 1464 1752 1487 morien
1775 1454 1833 1489 viii
1849 1481 1856 1494 ‚
1889 1459 1962 1496 quo
1976 1454 2054 1489 casu
2071 1456 2247 1493 verisimile

1318 1500 1382 1543 est,
1409 1500 1505 1549 qubd
1540 1514 1604 1537 non
1637 1500 1838 1536 recordetur
1864 1502 1907 1537 de
1922 1503 2181 1548 particularibus
2193 1517 2245 1540 re·-

1314 1550 1379 1585 bus
1392 1576 1402 1592 ,
1421 1548 1478 1585 usit
1496 1548 1799 1597 consumptis‚(juia
1811 1549 1844 1582 in
1863 1549 2141 1586 mul.e:efaciltus
2157 1567 2246 1601 prae-

1315 1599 1455 1634 sumitur
1476 1596 1630 1645 oblivio,
1665 1609 1702 1633 ut
1721 1612 1760 1633 ex
1794 1597 1922 1634 Merme.
1944 1601 2089 1648 sequitur
2111 1602 2245 1650 Ioseph.

1316 1648 1467 1685 Massar.
1496 1649 1593 1683 trafs.
1617 1649 1659 1682 de
1675 1647 1765 1695 prob.
1799 1648 1899 1683 comt.
1927 1649 2026 1697 1076.
2047 1659 2170 1685 numer.
2187 1651 2246 1692 48.

1312 1700 1488 1743 praesertim
1497 1697 1530 1743 fi
1548 1696 1592 1741 fir
1617 1700 1650 1732 in
1660 1696 1825 1744 senestute
1840 1723 1849 1738 ,
1868 1699 1968 1743 quia,
1989 1707 2023 1733 ut
2036 1710 2077 1732 ex
2086 1699 2171 1735 Plin.
2185 1699 2245 1734 lib.

1315 1757 1348 1792 7.
1368 1758 1396 1779 c.
1426 1758 1481 1788 24.
1502 1747 1648 1791 sequitur
1676 1746 1774 1779 Nan.
1797 1745 1886 1786 confi.
1919 1758 1998 1794 537.
2029 1748 2131 1781 oritur
2154 1759 2242 1782 num.-

1322 1805 1373 1826 η.
1390 1805 1507 1828 versus
1519 1793 1554 1836 fi.
1574 1792 1722 1829 senestus
1737 1791 1878 1844 primum
1896 1795 2017 1839 vulnus
2032 1793 2155 1841 infligit
2178 1806 2246 1829 me->

1314 1840 1452 1882 moriae,
1474 1844 1507 1877 &
1532 1841 1666 1876 demum
1692 1841 1715 1875 fi
1739 1840 1966 1877 interceffisset
1995 1843 2137 1890 longum
2157 1852 2245 1878 tem-

1314 1889 1406 1935 poris
1431 1889 1571 1937 spatium
1582 1916 1592 1932 ,
1619 1888 1729 1937 posset
1753 1888 1879 1936 judicis
1912 1890 2058 1936 arbitrio
2087 1890 2243 1939 praesumi

1314 1938 1457 1985 oblivio.

1364 1987 1524 2030 Quartus
1541 1985 1635 2021 casus
1646 1988 1710 2029 est,
1725 1985 1867 2035 quando
1891 1995 1930 2021 ex
1946 1987 2033 2023 clara
2058 1987 2244 2022 manifesta-

1315 2033 1411 2069 tione
1425 2035 1581 2071 damnum
1597 2034 1721 2082 injuste
1738 2046 1922 2081 pateretur,
1936 2036 2017 2083 quia
2027 2047 2110 2072 tunc
2121 2035 2245 2070 admit-

1314 2082 1399 2118 titur
1412 2082 1445 2117 in
1468 2093 1620 2130 utroque
1642 2083 1719 2120 foro
1735 2084 1778 2119 ad
1792 2082 1938 2118 obscure
1951 2083 2248 2129 manifestandum;

1314 2130 1408 2177 quod
1422 2132 1584 2178 probatur
1603 2131 1789 2179 tripliciter.
1800 2131 1913 2167 Primo
1924 2159 1934 2175 ,
1959 2132 2041 2181 quia
2055 2132 2136 2167 licet
2152 2132 2246 2169 afflet

1315 2190 1472 2214 teneatur
1487 2180 1518 2213 in
1531 2181 1697 2226 petitione
1718 2180 1901 2226 exprimere
1925 2191 2048 2216 certam
2073 2180 2244 2229 quantita-

1315 2237 1394 2269 tem,
1412 2239 1512 2274 quam
1525 2229 1622 2274 petit,
1638 2239 1677 2263 ut
1694 2240 1769 2264 reus
1787 2227 1885 2275 poslit
1907 2229 2112 2272 deliberare,
2129 2239 2170 2263 an
2183 2240 2244 2263 ve*

1314 2276 1352 2311 lit
1371 2277 1504 2316 cedere,
1519 2278 1572 2311 vel
1585 2277 1796 2312 contendere
1813 2302 1823 2318 ‚
1853 2286 1963 2312 tamen
1981 2276 2003 2311 fi
2021 2277 2054 2312 in
2069 2277 2123 2311 illa
2151 2286 2245 2313 certa

1316 2324 1519 2371 quantitate,
1540 2337 1640 2373 quarn
1653 2325 1750 2373 petit,
1765 2325 1802 2359 fit
1814 2324 1925 2371 aliqua
1937 2325 2060 2360 sumn-a
2073 2324 2187 2366 dubia,
2203 2337 2247 2360 an

1315 2372 1375 2407 libi
1390 2372 1563 2414 debeatur,
1579 2380 1698 2415 necne,
1712 2372 1822 2420 potest
1835 2373 1959 2408 addere
1973 2373 2246 2420 clausulam,tffi-

1313 2433 1389 2454 rens
1402 2421 1707 2463 deducere,&c.seu
1718 2421 1816 2455 salvo
1832 2424 1917 2464 jure,
1935 2422 2002 2459 &a
2014 2432 2118 2468 prout
2127 2420 2246 2470 quoti-

1314 2468 1370 2502 die
1381 2469 1591 2516 prailicatur,
1602 2472 1634 2504 ὃς
1646 2470 1690 2504 fic
1699 2469 1808 2516 potest
1821 2469 1907 2504 illam
1922 2469 2060 2516 petitam
2073 2470 2245 2518 quantita·-

1314 2526 1382 2551 tem
1394 2517 1536 2552 reddere
1552 2517 1711 2552 incertam
1725 2544 1735 2559 ,
1752 2519 1786 2552 ὅ(
1798 2517 1985 2559 obscuram,
2007 2520 2088 2564 quia
2110 2518 2164 2555 lex
2185 2519 2244 2552 ab·

1316 2564 1445 2607 horret,
1462 2577 1500 2600 ut
1516 2566 1548 2600 in
1560 2578 1595 2600 te
1603 2566 1720 2608 dubia,
1732 2577 1815 2612 quae
1825 2565 1973 2612 pendere
1984 2566 2088 2602 debet
2097 2578 2138 2602 ex
2147 2565 2244 2602 futu*

1316 2624 1355 2647 ro
1364 2613 1431 2648 litis
1444 2625 1580 2657 eventu,
1600 2625 1709 2661 partes
1721 2613 1852 2661 aliquid
1866 2613 1976 2649 facere
1989 2625 2175 2662 cogantur,
2201 2620 2243 2650 eit

1315 2672 1388 2708 quo
1405 2662 1561 2697 damnum
1571 2662 1688 2709 postea
1711 2662 1834 2709 injuste
1845 2665 2087 2709 paterentur.†
2109 2663 2242 2698 Secuna

1315 2710 1374 2753 do,
1391 2710 1587 2758 (confirmo
1599 2710 1686 2745 idern
1697 2712 1715 2757 )
1728 2710 1809 2759 quia
1825 2710 2016 2758 principalis
2025 2723 2095 2746 non
2107 2721 2244 2748 tenetur

1315 2759 1521 2793 manifestare
1533 2758 1719 2800 veritatem,
1730 2759 1870 2806 quando
1886 2770 1924 2793 ex
1941 2759 1996 2793 illa
2007 2758 2244 2796 manifestatio-

1316 2818 1359 2841 ne
1378 2806 1532 2842 damnum
1555 2806 1678 2853 injuste
1704 2814 1901 2853 paterentur
1916 2833 1926 2848 ,
1951 2818 2024 2855 quo
2037 2807 2113 2842 casu
2128 2807 2244 2844 dicere

1316 2854 1529 2890 mendacium
1545 2881 1554 2897 ,
1579 2862 1646 2889 non
1665 2854 1720 2901 ⁴est
1730 2855 1952 2896 mendacium,
1967 2855 2105 2890 testibus
2119 2858 2242 2894 Covar.

1317 2903 1593 2940 M.Ant.Cucc.&
1603 2902 1787 2951 Bald.quos
1795 2915 1924 2938 secutus
1933 2916 2004 2938 sum
2018 2907 2051 2939 in
2064 2917 2132 2939 meo
2144 2906 2242 2944 trafl.

1317 2951 1360 2984 de
1368 2951 1474 2995 judic.
1490 2964 1580 2986 caus.
1592 2951 1650 2986 lib.
1661 2963 1692 2984 2.
1706 2965 1734 2986 c.
1750 2964 1783 2996 9.
1795 2964 1826 2986 n.
1850 2953 1930 2998 836.
1960 2953 1995 2989 (θ’
2010 2964 2098 2999 seqq.
2116 2953 2242 2997 &84⁶-

1317 3009 1422 3046 quare
1446 3000 1570 3035 litterae
1597 3000 1826 3035 monitoriales
1853 3003 1886 3035 in
1910 2999 2075 3047 praedisto
2087 3000 2164 3036 casu
2175 3014 2246 3038 non

1317 3048 1470 3094 obligant
1489 3047 1531 3082 ad
1546 3045 1832 3089 manifestandum,
1844 3059 1911 3095 per
1929 3059 1986 3090 ea,
2013 3060 2095 3096 quae
2108 3048 2246 3086 secutus

1317 3094 1387 3130 sum
1408 3096 1519 3130 eodem
1546 3105 1618 3143 cap.
1642 3108 1676 3139 9.
1697 3108 1781 3130 num.
1812 3097 1894 3144 487.
1911 3097 1944 3131 ὅ(
1958 3107 2023 3132 tam
2039 3097 2213 3146 principali
2233 3125 2245 3142 ,

1317 3155 1419 3190 quam
1442 3144 1635 3185 advocato,
1655 3143 1887 3179 habitentibus
1911 3145 2031 3193 J'uflam
2047 3145 2191 3189 caulam,
2207 3147 2246 3181 li-

1317 3202 1373 3226 cet
1383 3193 1431 3227 uti
1443 3191 1627 3233 fraudibus,
1640 3192 1675 3227 &
1686 3191 1957 3228 cavillationibus
1967 3193 2008 3228 ad
2020 3194 2247 3232 excludendas

1318 3239 1469 3281 fraudes,-
1486 3241 1520 3274 ὃς
1535 3239 1765 3275 cavillationes
1774 3240 1960 3282 adversarii,
1976 3241 2100 3289 injuste
2113 3241 2247 3292 litigari-

1314 3288 1762 3331 ,tis.Gloss.Bald.Alciat.&
1773 3290 2108 3338 M-Ant.Cucch.quos
2115 3302 2245 3328 secutur

1317 3348 1388 3372 sum
1404 3338 1482 3371 diff.
1494 3337 1722 3384 cap.9.n.848.
1735 3347 1842 3384 quare
1857 3338 1950 3372 siiflo
1968 3337 2046 3373 casu
2058 3338 2186 3375 licitum
2195 3341 2244 3376 est

1317 3394 1386 3419 non
1403 3384 1529 3426 dicere,
1547 3386 1582 3420 ὃς
1597 3392 1665 3419 non
1687 3385 1894 3421 manifestare
1916 3385 2108 3428 veritatem,
2130 3388 2150 3423 ὲ
2173 3387 2243 3424 for-

1318 3433 1396 3468 tiori
1412 3433 1540 3469 licitum
1557 3432 1619 3470 erit
1634 3432 1778 3468 obscure
1787 3445 1858 3468 eam
1881 3433 2097 3483 manifestare.
2117 3437 2241 3474 Tertio

2266 2667 2336 2707 116
2365 2679 2367 2685 ’

1318 3482 1380 3529 (dc
1399 3480 1507 3517 tendit
1523 3482 1566 3517 ad
1582 3481 1669 3517 idem
1684 3484 1700 3528 )
1714 3482 1796 3530 quia
1813 3482 1893 3519 licet
1905 3495 1977 3520 reus
2003 3492 2159 3521 teneatur
2179 3486 2244 3522 res·
2262 3482 2267 3488 „

1317 3531 1469 3579 pondere
1482 3530 1642 3576 positioni
1658 3530 1726 3566 afr<
1736 3532 1791 3575 ris,
1801 3542 1923 3574 tamen,
1935 3535 1958 3568 fi
1975 3531 2098 3578 positio
2110 3533 2150 3570 fit
2165 3547 2245 3582 cap-

1318 3577 1424 3620 tiosa,
1447 3591 1515 3615 non
1530 3587 1681 3620 tenetur,
1702 3581 1736 3615 &
1751 3580 1879 3615 dicitur
1901 3579 2050 3628 captiosa
2066 3607 2077 3623 ‚
2103 3584 2246 3629 quando

1317 3626 1533 3677 responsurus
1555 3627 1676 3664 incidit
1705 3628 1742 3664 in
1762 3629 1940 3679 laqueum,
1961 3628 2030 3665 five
2044 3629 2245 3714 resptAEdeat'

2104 3690 2123 3714 ι
2159 3690 2241 3716 rma-

2392 2631 2395 2654 ι

2392 2666 2397 2703 l
