2400 3939
222 201 333 278 388

222 289 308 323 dicit
326 315 334 325 ,
353 287 449 334 quod
465 283 508 320 illi
526 285 717 320 mandaiarii
735 311 744 324 ,
765 282 919 332 quamvis
940 281 1099 319 fecerint,
1117 277 1188 312 fieri

224 336 501 371 assecurationem
522 334 586 367 fine
605 332 763 378 przediffla
779 331 923 365 clausula
937 357 944 369 ,
965 341 1072 363 tamen
1095 336 1186 378 erant

222 384 419 419 absolvendi
436 395 449 425 ·‚
465 382 545 429 quia
568 381 611 414 illi
637 381 681 414 de
703 379 892 425 Caravagio
910 375 1105 414 adversarii,
1125 385 1186 420 qui

225 444 317 466 erant
338 431 549 465 mandatores
566 456 575 468 ,
598 441 666 462 non
690 428 876 475 probabant
891 452 900 466 ‚
930 423 1076 470 potuisse
1093 433 1187 466 repe-

226 481 290 514 rire
303 477 543 513 assecuratores
561 505 567 515 ,
591 475 650 522 qui
676 473 907 509 ailecnraslent
925 484 1002 506 curn
1025 469 1186 518 praediista

228 527 373 562 clausula
405 539 418 569 ·‚
453 529 484 561 ὅ(
511 524 756 570 conscqnenier
780 520 973 556 wandatarii
1010 529 1103 553 erant
1129 529 1185 552 va-

228 576 286 610 cui
300 576 341 609 ab
355 574 444 609 omni
461 573 560 619 culpa
573 598 582 612 ‚
598 582 697 605 etiam
712 569 778 604 levi
795 596 802 608 ‚
822 578 925 614 prout
941 567 1025 602 dicit
1041 566 1139 600 etiam
1154 568 1186 599 in

228 625 310 670 cons]
331 627 409 667 632.
431 634 551 656 numi.
574 619 668 666 quod
692 619 738 651 est
756 629 868 651 errore
888 616 1093 663 geminatum
1109 640 1119 654 ,
1147 622 1186 647 ut

228 671 376 704 advertit
399 669 543 703 stracch.
580 668 668 712 infra
690 667 814 700 citatus
837 691 846 705 ‚
874 666 907 698 &
934 663 1086 711 sequitur
1112 661 1186 695 ead.

230 720 301 752 Rot.
324 719 403 751 Gen.
423 717 494 751 dec.
520 717 553 749 8.
576 718 608 748 in
634 715 732 760 rausa
756 710 1075 758 Bartholomaei.sub
1100 721 1186 743 num.

148 777 214 813 370
232 767 264 800 8.
289 766 373 812 vers]
400 764 434 801 ᾤ’
455 763 502 798 ad
526 762 685 797 adducta.
705 764 731 807 †
757 763 790 795 ὅς
815 761 859 795 fic
880 758 1105 794 mandatarius
1133 769 1189 790 ex-

232 813 364 848 cusatur
380 839 389 853 ‚
407 811 548 860 quando
562 822 630 844 non
644 819 779 855 poterat
791 807 984 842 mandatum
1000 807 1097 858 aliter.
1115 816 1190 839 exe-

230 862 317 908 qui,
341 860 396 894 seu
420 872 488 895 non
509 859 662 897 conflat,
685 857 781 904 quod
802 855 952 903 potuerit
978 864 1190 905 exequi-quo

231 913 308 944 calu
334 907 454 942 sufficit
478 934 487 949 ,
514 906 611 955 quod
634 905 718 939 illud
740 904 918 950 adimpleat
940 915 998 949 per
1018 901 1190 950 aequipol-

233 957 302 991 lens
319 983 328 996 ‚
354 955 408 990 seu
433 956 531 990 saciat
555 954 663 988 vicina
689 953 841 987 mandata
857 979 867 993 ‚
896 953 919 986 l.
945 951 978 992 fi.
1005 953 1035 997 §-
1064 951 1126 983 ult.
1146 949 1190 994 ff.

232 1005 345 1041 mand.
369 1005 403 1038 δε
427 1003 539 1038 scribit
564 1004 635 1036 Rot.
655 1002 796 1035 Genuen.
815 1000 851 1036 d.
871 1001 941 1034 dec.
961 1000 992 1033 8.
1013 998 1136 1033 num.8.
1155 997 1191 1034 (θ’

233 1056 305 1088 dec.
328 1064 406 1098 174.
426 1062 633 1089 mercatores,
654 1062 739 1083 num.
758 1061 788 1094 3.
811 1049 845 1085 (θ’
864 1048 957 1095 seqq.
975 1047 1009 1083 (θ’
1026 1058 1110 1080 num.
1140 1057 1192 1080 11.

231 1114 315 1150 quae
331 1099 480 1134 doctrina
495 1126 504 1139 ‚
528 1098 582 1133 seu
597 1097 778 1131 :infimitas
794 1096 896 1131 Decii
912 1097 996 1128 bene
1014 1105 1193 1140 retorque—

233 1161 290 1186 tur
307 1159 424 1183 contra
448 1147 545 1193 ipsam
573 1144 696 1179 Rotam
727 1172 736 1186 ,
764 1144 843 1192 quia
872 1144 903 1177 in
937 1142 1011 1176 casu
1045 1141 1088 1175 de
1119 1153 1192 1188 quo

232 1198 327 1233 Rota
343 1223 352 1237 ‚
372 1197 405 1229 &
421 1207 484 1229 nos
502 1194 675 1242 loquimur
691 1218 700 1233 ,
726 1202 891 1227 mercator
906 1218 914 1230 .
935 1191 995 1238 qui
1013 1202 1081 1224 erat
1101 1201 1193 1223 man-

233 1245 379 1280 datarius
408 1270 417 1284 ‚
444 1252 578 1289 poterat
611 1241 792 1286 adimplere
816 1239 1006 1274 mandatum
1030 1249 1106 1271 cuin
1141 1237 1194 1271 illa

233 1292 378 1328 clausula
402 1318 412 1332 ‚
436 1290 584 1338 ponendi
607 1289 795 1322 debitorem
813 1287 1004 1327 Andream,
1029 1297 1106 1320 cuni
1126 1285 1194 1319 lioe

234 1341 397 1388 penderet
423 1340 441 1373 a
467 1339 535 1373 sola
560 1339 634 1384 ejus
658 1337 843 1371 voluntate.
865 1335 960 1381 Ergo
976 1346 1043 1369 non
1063 1334 1108 1367 est
1129 1334 1195 1366 ulla

151 1404 215 1439 37¹
236 1388 449 1424 excusatione
471 1387 606 1433 dignus.
631 1387 657 1431 †
682 1384 844 1418 Secundo
867 1396 934 1418 non
955 1383 1088 1429 placet,
1116 1382 1196 1429 quia

235 1436 301 1484 ipsa
328 1435 528 1471 consultatio
543 1433 645 1469 Decii
664 1431 777 1467 adbuc
799 1445 864 1466 non
891 1432 937 1465 est
967 1442 1038 1465 tuta
1056 1457 1064 1470 ,
1088 1431 1121 1464 ἃ.
1138 1442 1195 1463 iio-

235 1485 383 1520 minatim
403 1493 520 1518 contra
542 1494 617 1517 eum
643 1481 686 1515 de
715 1480 879 1514 diametro
911 1479 1021 1514 scribit
1049 1478 1194 1513 Stracch.

235 1534 369 1568 traflat.
391 1532 433 1566 de
455 1541 589 1566 mercat.
607 1540 680 1576 par.
698 1541 731 1571 4.
749 1532 802 1562 tir.
818 1529 859 1561 de
873 1526 983 1561 mand.
1001 1538 1145 1571 ”um-39·
1162 1527 1194 1561 cir

227 1584 321 1630 seqq.
338 1582 537 1631 rom.6.par.
558 1591 586 1614 1.
604 1578 671 1624 fol.
701 1576 836 1622 302.'&
863 1588 924 1621 pro
949 1576 1012 1608 liac
1039 1574 1198 1622 opinione

237 1640 353 1664 contra
380 1628 527 1662 Decium
553 1625 678 1660 faciunt
706 1651 716 1666 ‚
749 1636 831 1671 quae
858 1624 1006 1659 scribunt
1033 1624 1138 1669 Paris.
1163 1621 1197 1655 d.

237 1678 381 1723 cons.47.
402 1676 515 1720 nu.38.
530 1678 561 1709 in
577 1674 639 1714 fine
652 1698 661 1713 ‚
678 1673 713 1710 &
727 1685 874 1713 numm.
890 1670 1099 1705 consulendo
1117 1682 1194 1704 con-

237 1734 287 1759 tra
310 1735 386 1758 eum
411 1750 420 1765 ‚
445 1723 506 1770 qui
534 1720 750 1756 transmiserat
781 1731 906 1753 merces
932 1720 962 1752 iii
997 1718 1057 1751 alia
1085 1730 1168 1752 nave
1189 1743 1197 1757 ,

239 1784 338 1819 quam
364 1772 394 1805 in
425 1769 571 1818 expressa
595 1769 626 1803 in
647 1767 804 1803 mandato
821 1795 828 1804 ,
851 1769 884 1801 ὅ(
907 1770 992 1801 Bon.
1009 1766 1197 1817 ‘⁰7¹fil·¹052

237 1819 474 1866 dominns.sub
496 1831 581 1855 num.
603 1830 654 1862 ¹3.
675 1818 760 1864 versi
775 1816 889 1850 verum
911 1816 945 1851 ὢ
968 1827 999 1848 n.
1017 1816 1111 1861 seqq.
1143 1815 1198 1848 ubi

239 1867 410 1903 consuluit
441 1894 450 1908 ,
484 1866 727 1901 conduttorem
758 1864 914 1898 mercium
945 1861 1199 1898 transvehenda-

241 1927 314 1951 rum
339 1916 444 1950 teneri
461 1927 500 1949 ex
516 1913 689 1949 εοηιτᾱξὶυ
708 1912 793 1947 inito
809 1939 817 1952 ‚
837 1911 859 1945 fi
879 1911 1032 1959 promissa
1053 1922 1120 1944 non
1136 1910 1198 1943 ser-

241 1963 370 1999 vaverit
383 1990 390 2004 ,
409 1965 441 1997 ὅ(
456 1974 550 2009 n.i5.
571 1963 628 1996 ubi
643 1988 652 2003 ,
670 1961 766 2008 quod
785 1971 919 1994 tenetur
934 1971 976 1994 eo
991 1959 1062 2005 ipso
1077 1984 1086 1999 ‚
1102 1957 1199 2006 quod

240 2024 369 2047 merces
391 2011 646 2047 transvehendas
668 2009 739 2043 tiliis
761 2007 920 2049 dederit,
937 2007 1016 2055 quia
1043 2006 1109 2040 lioc
1130 2006 1200 2051 ipso

240 2059 367 2094 dicitur
387 2060 419 2093 in
440 2060 539 2105 culpa
556 2085 566 2100 ‚
584 2058 630 2093 ita
645 2068 683 2092 ut
700 2067 853 2092 teneatur
868 2057 912 2090 de
935 2054 1010 2090 casu
1033 2053 1178 2089 sortuiio
1191 2080 1199 2094 ,

241 2109 277 2142 ὃς
302 2119 454 2143 teneatur
476 2107 574 2142 etiarn
595 2107 638 2141 de
658 2103 812 2141 levissirna
835 2105 933 2151 culpa
949 2103 1036 2150 ‚sub
1055 2114 1200 2136 manao.

241 2157 276 2190 ὅτ.
311 2166 453 2202 propter
485 2155 564 2190 haec
590 2180 599 2194 ‚
644 2155 678 2189 ὃς
712 2153 772 2187 alia
807 2153 946 2187 fuerunt
991 2154 1024 2185 iii
1063 2150 1203 2185 civitate

240 2205 403 2248 Genuae3
427 2215 462 2237 re
485 2203 581 2250 plene
601 2201 739 2237 discussa
761 2200 976 2236 condemnati
999 2199 1135 2247 quidam
1159 2198 1202 2232 de

241 2252 364 2299 Jugliis
388 2265 430 2287 eo
448 2278 458 2293 ,
483 2251 563 2298 quia
589 2249 717 2296 capsam
739 2250 943 2286 vellutorum
967 2244 1203 2283 transmiserant

240 2312 309 2335 non
336 2300 397 2335 sub
418 2299 630 2335 conductum
654 2297 815 2332 Bernardi
834 2296 877 2330 de
894 2295 1052 2330 Ferrariis
1066 2321 1076 2336 ,
1100 2305 1203 2340 prout

241 2348 352 2383 fuerat
386 2357 592 2383 conventum
613 2373 623 2388 ‚
651 2346 708 2380 sed
736 2346 795 2380 sub
818 2344 1028 2379 condu&ura
1055 2342 1202 2377 alterius.

160 2400 224 2436 37²
241 2399 268 2443 †
280 2396 402 2432 Tertio
421 2407 490 2431 non
504 2395 614 2442 placet
627 2422 636 2437 ,
655 2394 735 2440 quia
750 2396 860 2430 Paris.
877 2393 912 2427 d.
930 2392 1093 2438 confil.47.
1116 2403 1203 2424 num.

241 2458 298 2493 70.
321 2444 355 2479 in
382 2456 453 2493 quo
473 2443 505 2477 se
524 2442 643 2478 fundat
664 2443 757 2477 Rota
772 2469 781 2482 ,
801 2440 935 2476 videtur
948 2440 1067 2474 sentire
1081 2466 1089 2480 ,
1107 2438 1205 2486 quod

241 2493 350 2529 minus
368 2493 490 2528 malum
516 2492 553 2526 fit
573 2490 754 2537 transgredi
775 2490 857 2524 fines
877 2488 1021 2523 mandati
1041 2488 1073 2521 in
1093 2487 1204 2534 aliqua

242 2551 337 2588 parte
353 2568 362 2580 ,
380 2552 479 2589 quam
498 2539 681 2586 transgredi
701 2539 733 2572 in
750 2537 903 2572 omnibus
921 2535 1090 2582 partibus,
1124 2535 1204 2582 quia

241 2590 321 2625 alias
343 2588 439 2624 Paris.
462 2587 587 2622 fibirnet
611 2589 644 2621 in
668 2586 738 2620 eod.
763 2586 845 2631 conſs
875 2583 956 2619 effet
978 2595 1093 2630 parum
1122 2595 1203 2617 con-

242 2638 330 2672 stans
352 2664 362 2679 ‚
382 2648 460 2670 cum
484 2635 515 2669 in
537 2635 606 2669 aliis
628 2648 713 2669 num.
733 2634 785 2668 hic
804 2636 902 2680 supra
922 2635 1036 2666 citatis
1053 2658 1061 2672 ,
1086 2631 1118 2665 in
1147 2643 1204 2665 eo-

246 2685 321 2720 dem
343 2684 420 2719 casu
437 2682 586 2718 consulat
610 2694 727 2718 contra
743 2682 817 2716 illos
841 2680 1086 2720 mandatarios,
1107 2678 1205 2726 quod

163 2738 226 2776 373
246 2746 314 2768 non
340 2731 560 2767 custodierint
588 2731 767 2777 diligenter
789 2729 871 2763 fines
895 2727 1039 2764 mandati
1063 2730 1088 2773 †
1115 2727 1206 2761 unde

247 2780 361 2816 omissa
387 2781 450 2814 hac
471 2779 679 2825 responfione
702 2805 711 2818 ,
734 2778 872 2812 adduco
895 2776 988 2810 aliam
1013 2804 1022 2819 ‚
1052 2788 1135 2823 quae
1161 2775 1207 2808 est

249 2830 346 2865 etiarn
369 2828 413 2862 de
432 2838 543 2862 mente
566 2827 715 2873 ejusdem
742 2825 859 2859 Rotae.

297 2876 460 2912 Secundo
485 2874 674 2921 respondeo
695 2901 704 2914 ,
730 2872 967 2919 distinguendo
991 2885 998 2906 τ
1023 2873 1100 2907 Aut
1118 2883 1209 2906 man-

249 2924 399 2960 datarius
422 2934 578 2969 acceptat
601 2920 791 2956 mandatum
811 2921 823 2956 ζ
853 2922 886 2956 &
911 2931 992 2956 tunc
1014 2920 1209 2967 procedunt

250 2972 482 3009 conclusiones
502 2998 512 3012 ‚
539 2970 638 3017 quod
662 2969 744 3003 fines
765 2969 910 3004 mandati
937 2981 1005 3004 non
1030 2969 1090 3004 fint
1114 2979 1210 3002 exce-

250 3020 352 3056 dendi
365 3047 374 3059 ‚
388 3019 442 3054 sed
456 3019 514 3054 sint
527 3018 705 3064 diligenter
719 3017 761 3051 ad
776 3028 923 3063 unguem
938 3044 946 3057 ,
967 3017 1078 3052 saltem
1092 3015 1210 3064 quoad

253 3068 499 3116 possibilitatem
523 3066 672 3101 servandi
693 3077 701 3098 ε
723 3066 799 3099 Aut
820 3065 1042 3100 mandatarius
1067 3076 1134 3099 non
1155 3075 1210 3096 ac-

253 3126 368 3164 ceptat
386 3143 394 3156 ,
416 3114 472 3149 sed
496 3115 564 3149 imo
590 3113 794 3160 protestatur
810 3140 819 3153 ‚
838 3113 869 3147 se
892 3114 981 3148 nolle
1013 3123 1212 3158 acceptare,

254 3166 290 3199 δι
320 3163 419 3198 faciat
443 3162 658 3196 nihilominus
681 3161 764 3196 utile
787 3162 964 3207 negotium
995 3159 1180 3196 mandantis
1201 3185 1211 3199 ,

256 3211 353 3260 quod
377 3211 486 3258 potesl
513 3210 622 3244 facere
646 3210 743 3244 etiam
771 3209 836 3243 fine
861 3210 1019 3245 mandato
1041 3223 1049 3244 t
1076 3210 1109 3243 δε
1131 3217 1214 3244 tunc

255 3261 367 3295 sumus
380 3270 468 3293 extra
486 3259 644 3294 terminos
657 3257 855 3302 acceptandi
870 3258 1069 3293 mandatum,
1085 3257 1118 3290 ὃ(
1134 3267 1212 3290 con-

257 3309 433 3355 sequenter
466 3305 590 3342 cessant
629 3304 744 3341 omnes
778 3305 1013 3341 conclusiones
1047 3304 1090 3339 de
1127 3315 1214 3337 man-

258 3357 350 3391 dato.

178 3401 246 3437 37⁴
306 3403 450 3438 Firmata
472 3403 705 3441 conclusione,
719 3400 762 3435 de
782 3401 960 3447 quafirpra
980 3403 1094 3446 n.364.
1118 3396 1215 3449 quod

259 3451 402 3485 solventi
424 3451 519 3496 supra
537 3449 742 3497 protestum,
765 3458 935 3493 competat
958 3448 1045 3482 aetio
1062 3454 1217 3493 negotio-

262 3509 334 3532 rum
357 3497 539 3544 gestorum.

259 3574 262 3575 γ
311 3546 447 3590 Amplia
466 3545 574 3591 prirn'o
592 3556 660 3579 eam
684 3571 693 3585 ,
715 3554 754 3579 ut
775 3543 905 3578 solvens
925 3555 986 3588 pro
1014 3543 1142 3578 honore
1163 3543 1215 3578 lit-

264 3605 408 3629 terarum
435 3591 527 3638 supra
555 3593 703 3637 proieflu
728 3592 848 3626 habeat
874 3600 992 3625 contra
1016 3590 1216 3626 scribentem

266 3642 391 3677 litteras
417 3652 484 3675 non
518 3639 622 3673 solum
657 3640 818 3674 aelionem
854 3638 1065 3685 negotiorim
1104 3639 1217 3685 gesto-

265 3701 337 3724 rum
360 3689 402 3724 ad
428 3688 624 3734 repetendas
649 3687 807 3733 pecunias
832 3685 956 3723 solutas
975 3712 984 3727 ‚
1013 3697 1050 3720 ut
1075 3687 1143 3722 dixi
1158 3689 1218 3734 su-

599 194 955 279 Sigismundi
987 194 1128 253 Scae
1142 195 1239 254 ciae
1266 194 1463 255 Tract.
1489 194 1561 255 de
1583 199 1875 271 Commer.

1237 292 1301 328 pra
1319 281 1352 316 d.
1370 294 1492 316 numer.
1514 284 1591 326 364.
1609 285 1686 327 365.
1709 282 1763 315 scd
1787 283 1906 316 babeat
1930 283 2096 317 aaronem
2113 294 2204 317 man-

1242 330 1313 364 dati
1330 356 1338 369 ,
1360 334 1432 365 Rot.
1456 331 1535 364 Gcn.
1553 331 1588 363 d.
1611 330 1812 376 dec.19.snb
1826 342 1948 372 11111114.
1971 332 2017 365 ibi
2038 344 2077 365 ex
2091 331 2204 377 quibus

1245 389 1402 412 remanet.
2217 419 2220 423 .

1292 425 1384 459 Haec
1407 426 1578 472 ampliatio
1594 453 1603 466 ‚
1626 425 1794 473 quicquid
1816 425 1908 461 dicat
1935 426 2028 461 Rota
2045 454 2053 467 ,
2074 439 2142 462 non
2159 427 2205 461 est
2223 444 2286 480 375

1245 485 1323 507 vera
1351 498 1361 513 ‚
1399 484 1470 508 tum
1508 476 1588 522 quia
1625 475 1755 507 iolvens
1778 500 1786 512 ,
1814 475 2016 520 protestatus
2049 476 2095 510 est
2123 502 2132 517 ‚
2174 474 2206 509 se

1244 521 1335 555 nolle
1361 521 1490 556 solvere
1520 523 1642 570 vigore
1667 522 1813 555 mandati
1835 549 1844 562 ,
1869 534 1939 557 turn
1967 522 2045 570 quia
2070 537 2136 558 non
2157 523 2204 557 est

1244 580 1358 604 verum
1378 595 1388 610 ,
1412 570 1509 617 quod
1538 570 1599 606 sint
1629 569 1698 605 duo
1724 569 1876 604 mandata
1893 597 1902 611 ‚
1929 569 1984 604 sed
2014 571 2059 604 est
2079 583 2178 607 unum
2194 598 2205 613 ,

1243 616 1299 650 seu
1333 618 1475 652 habetur
1505 629 1568 664 pro
1596 629 1666 652 tino
1703 628 1712 650 ;
1754 618 1833 664 quia
1858 619 1890 652 in
1917 618 2078 653 mandatis
2112 619 2205 653 fastis

1243 664 1364 699 eodem
1391 676 1545 712 ternpore
1571 693 1581 708 ,
1615 667 1649 700 ὃς
1686 676 1763 699 cum
1795 667 2013 700 connexitate
2035 679 2048 710 3
2085 667 2129 702 ita
2165 676 2205 702 ut

1243 724 1347 747 unum
1370 713 1409 748 fit
1433 725 1623 750 connexum
1648 713 1743 747 alteri
1770 713 1935 748 habentur
1949 725 2010 760 pro
2028 726 2097 749 uno
2113 741 2124 756 ‚
2144 715 2206 749 sal-

1245 772 1311 796 tem
1333 761 1452 808 quoad
1475 760 1546 796 hoc
1565 789 1575 803 ,
1605 772 1645 797 ut
1665 760 1886 797 mandatarius
1915 772 2071 797 teneatur
2095 763 2206 798 omnia

1246 819 1408 844 contenta
1437 809 1469 841 in
1496 810 1653 845 mandato
1676 809 1856 856 adimplere
1875 823 1882 845 ε
1901 811 1935 844 &
1960 809 2006 844 ita
2028 810 2176 845 servatur
2195 837 2206 852 ,

1245 858 1280 891 &
1307 857 1366 904 qui
1388 857 1484 891 aliter
1500 856 1669 898 servaret,
1692 857 1890 903 negotiandi
1912 857 2013 892 fidem
2039 859 2206 895 lethaliter

1245 905 1437 940 vulneraret
1459 916 1467 938 :
1499 907 1533 940 δε
1560 906 1696 953 ipsamet
1726 904 1812 940 Rot.
1844 917 1945 953 quam
1972 905 2105 942 secutus
2135 907 2206 941 sum

1234 956 1342 1001 supra
1361 966 1446 987 num.
1468 954 1546 999 365.
1573 967 1663 989 vers.
1684 956 1781 987 ratio.
1809 952 1893 988 dicit
1920 981 1930 993 ‚
1955 955 2050 1002 quod
2075 954 2207 990 solvens

1246 1002 1341 1049 supra
1368 1001 1555 1048 protelturn
1571 1029 1581 1044 ,
1602 1001 1646 1037 de
1666 1001 1873 1037 mandatario
1888 1004 2029 1039 efficitur
2049 1002 2207 1050 negotio-

1245 1062 1316 1085 rum
1342 1050 1468 1096 gestor.

1295 1098 1431 1144 Amplia
1449 1096 1597 1133 secundo
1615 1122 1624 1136 ‚
1646 1097 1838 1145 dumsupra
1855 1101 1972 1142 n.364.
1994 1099 2062 1134 dixi
2079 1126 2089 1140 ,
2110 1098 2208 1147 quod
2227 1103 2293 1149 376

1246 1145 1379 1180 solvens
1401 1145 1498 1191 super
1517 1144 1667 1191 protestu
1683 1172 1692 1186 ‚
1721 1146 1831 1190 potest
1860 1147 2000 1180 retinere
2023 1149 2211 1194 obligatum

1248 1206 1325 1228 eum
1355 1219 1364 1235 ‚
1396 1195 1456 1241 qui
1479 1192 1604 1236 scripsit
1629 1194 1754 1228 litteras
1777 1221 1786 1235 ‚
1811 1205 1848 1229 ur
1877 1195 2041 1240 procedat
2065 1209 2132 1230 non
2160 1195 2211 1230 so-

1248 1243 1317 1275 lum
1335 1268 1344 1283 ,
1370 1241 1480 1289 spreto
1506 1240 1625 1275 ordine
1646 1241 1734 1275 illius
1750 1268 1760 1281 ,
1787 1242 1847 1288 qui
1871 1242 1903 1275 in
1929 1243 2050 1277 litteris
2075 1243 2209 1278 mandi-

1247 1291 1303 1324 bat
1332 1316 1342 1330 ,
1372 1290 1508 1324 tertium
1539 1289 1619 1336 poni
1643 1301 1705 1335 pro
1735 1290 1891 1324 debitore
1912 1317 1922 1331 ‚
1957 1291 2013 1325 sed
2046 1293 2211 1337 procedat

1249 1338 1345 1383 etiam
1373 1338 1483 1384 spreto
1507 1338 1629 1373 ordine
1646 1338 1828 1373 litterarum
1844 1339 1972 1384 cl'aviso
1989 1365 1998 1379 ‚
2017 1339 2103 1373 illius
2122 1339 2211 1374 tercii

1249 1386 1450 1421 remittentis
1480 1386 1577 1420 etiarn
1606 1385 1766 1431 pecunias
1788 1386 1830 1420 ad
1856 1386 1998 1420 eundem
2023 1414 2032 1428 ‚
2058 1389 2118 1434 qui
2146 1387 2211 1422 sol-

1251 1435 1298 1468 vit
1319 1445 1328 1468 :
1349 1446 1455 1481 quare
1477 1434 1558 1467 licet
1585 1433 1639 1467 ille
1661 1434 1779 1468 tertius
1799 1460 1808 1474 ‚
1834 1446 1936 1481 quem
1961 1434 2102 1469 scribens
2120 1436 2212 1471 litte-

1249 1494 1299 1516 ras
1320 1509 1329 1524 ‚
1353 1482 1486 1517 mandat
1511 1481 1593 1527 poni
1618 1480 1807 1516 debitorem
1825 1508 1834 1523 ,
1857 1482 1991 1518 ordinet
2021 1484 2119 1519 etiam
2144 1483 2212 1530 ipse

1249 1531 1281 1565 se
1301 1531 1381 1576 poni
1408 1530 1594 1564 debitorem
1612 1556 1620 1571 ‚
1645 1530 1794 1563 dicendo
1811 1557 1820 1571 ‚
1841 1534 1901 1564 via
1918 1535 2058 1578 piacera
2083 1543 2212 1565 cantra·

1248 1580 1335 1625 pori'i
1350 1579 1386 1612 al
1402 1583 1463 1612 mio
1478 1578 1601 1613 credito
1616 1604 1625 1618 ,
1646 1589 1723 1611 curn
1747 1577 1808 1611 isse
1826 1578 1948 1614 tertius
1971 1580 2117 1614 remittat
2134 1580 2212 1613 alias

1252 1627 1411 1673 pecunias
1434 1626 1542 1661 eidem
1568 1625 1746 1660 mercatori
1764 1624 1905 1661 solventi
1923 1653 1932 1667 ‚
1950 1626 1993 1660 de
2011 1629 2138 1674 quibus
2156 1639 2211 1674 pe-

1252 1675 1360 1708 cuniis
1384 1685 1564 1721 propterea
1580 1673 1618 1708 sit
1633 1673 1783 1708 creditor
1798 1701 1806 1715 ‚
1833 1674 2050 1709 nihilominus
2065 1704 2074 1718 ‚
2090 1675 2111 1708 si
2130 1687 2212 1709 mer-

1253 1734 1348 1757 cator
1373 1722 1544 1756 soluturus
1567 1721 1665 1767 super
1692 1722 1844 1768 protestu
1860 1749 1868 1763 ,
1891 1722 1928 1757 sit
1953 1723 2103 1758 creditor
2127 1723 2215 1768 ejus-

1253 1770 1327 1804 den
1355 1770 1466 1812 tertii,
1484 1770 1539 1804 seu
1559 1770 1748 1816 praetendat
1771 1796 1780 1810 ‚
1808 1769 1840 1804 se
1861 1770 2064 1805 creditorem
2081 1797 2090 1810 ‚
2118 1782 2214 1818 pote-

1253 1820 1294 1854 rit
1316 1818 1443 1853 servare
1465 1819 1538 1864 ejus
1565 1818 1718 1852 ordinem
1744 1817 1777 1851 in
1801 1817 1996 1864 recipiendo
2024 1820 2184 1865 pecunias
2202 1845 2213 1860 ‚

1255 1868 1287 1901 <Sc
1314 1867 1345 1900 in
1370 1866 1508 1914 reliquis
1538 1878 1605 1899 non
1630 1866 1758 1899 servare
1785 1867 1859 1913 eJ'us
1887 1865 2037 1901 ordinem
2056 1893 2066 1907 ‚
2087 1869 2120 1901 ὃ(
2145 1879 2213 1901 ma-

1253 1915 1341 1949 xime
1363 1914 1501 1961 quando
1523 1913 1744 1960 probabiliter
1767 1914 1899 1949 timeret
1916 1914 1960 1948 de
1977 1925 2116 1961 ruptura
2134 1914 2213 1952 dieti

1254 1963 1343 1998 tertii
1368 1961 1566 1997 remittentis
1589 1988 1598 2003 ‚
1629 1973 1668 1996 ut
1690 1961 1736 1997 ita
1761 1962 1995 1997 attestantibus
2013 1962 2045 1997 se
2063 1961 2214 1998 servatu-

1255 2024 1310 2045 ros
1333 2010 1530 2058 quibusdam
1558 2009 1697 2044 testibus
1719 2009 1964 2045 mercatoribus
1979 2037 1989 2052 ,
2015 2010 2125 2046 scribit
2141 2014 2214 2047 Rot.

1255 2060 1396 2093 Genuen.
1422 2059 1546 2102 dec.19.
1568 2070 1624 2092 nos
1645 2057 1826 2093 auditores.
1847 2070 1905 2092 ·nu.
1912 2070 1943 2104 5.
1963 2061 2077 2107 versus
2086 2058 2188 2103 finem
2204 2085 2215 2100 ,

1256 2109 1289 2145 (Ξῖ
1306 2119 1393 2143 num.
1411 2108 1444 2141 6.

1304 2155 1401 2189 Huic
1414 2152 1618 2200 ampliationi
1633 2180 1642 2195 ‚
1665 2153 1836 2201 quicquid
1854 2153 1997 2191 dixerint
2019 2154 2065 2190 illi
2090 2167 2218 2189 merca·
2236 2178 2299 2215 377

1255 2214 1346 2239 tores
1362 2201 1558 2238 Genuenses
1569 2229 1577 2244 ,
1593 2213 1741 2250 quorum
1764 2202 1889 2237 dietum
1909 2202 2061 2250 sequitur
2077 2204 2217 2238 Rot.Ge-

1254 2264 1345 2287 nuen.
1355 2252 1461 2298 ficpra
1477 2252 1601 2292 citata,
1619 2250 1700 2284 dum
1714 2249 1831 2286 dicunt
1844 2251 1941 2298 quod
1956 2251 2013 2298 ipsi
2025 2252 2218 2296 acciperent

1255 2300 1414 2346 pecunias
1427 2298 1502 2344 ejus
1516 2324 1525 2339 ‚
1536 2299 1597 2346 qui
1613 2310 1668 2332 eas
1682 2299 1865 2334 remitteret
1879 2311 1940 2345 pro
1950 2298 2011 2334 suo
2024 2298 2169 2339 credito,
2184 2300 2219 2334 δε

1256 2349 1289 2382 in
1318 2346 1453 2394 reliquis
1484 2358 1551 2380 non
1581 2346 1744 2381 servarent
1771 2346 1961 2382 mandatum
1989 2347 2188 2382 remittentis
2206 2374 2217 2388 ,

1257 2407 1325 2442 ego
1343 2408 1411 2430 non
1426 2393 1619 2441 acquiesco,
1636 2393 1817 2441 praesertim
1835 2394 1975 2442 quando
1989 2407 2058 2430 non
2072 2395 2220 2430 immine-

1257 2454 1308 2478 ret
1322 2454 1435 2479 certus
1452 2443 1553 2477 timor
1564 2441 1691 2477 futurae
1709 2454 1862 2490 rupturae
1876 2442 2087 2485 remittentis,
2103 2443 2137 2478 &
2149 2455 2219 2478 mo-

1259 2503 1341 2526 veor
1351 2489 1569 2543 Qluribus.
1586 2490 1699 2527 Primo
1711 2516 1720 2532 ‚
1737 2491 1817 2538 quia
1831 2491 1962 2526 illorum
1981 2491 2113 2526 testium
2127 2491 2220 2526 dzeto

1258 2539 1393 2574 videtur
1410 2538 1543 2576 obstare
1560 2539 1696 2573 Genuae
1714 2539 1876 2574 statutum
1901 2540 1975 2580 1124.
1995 2553 2023 2574 c.
2044 2543 2150 2582 145.
2167 2538 2222 2581 etsi

1258 2590 1330 2635 quis
1340 2589 1486 2634 faceret.
1507 2598 1581 2634 quo
1603 2598 1743 2622 cavetur
1757 2613 1766 2628 ,
1787 2596 1823 2622 ut
1839 2586 1887 2628 is,
1912 2587 1973 2634 qui
1993 2598 2148 2634 acceptat
2163 2587 2219 2623 iit-

1258 2647 1344 2670 teras
1359 2661 1368 2676 ,
1390 2635 1447 2669 seu
1474 2635 1607 2669 tractam
1625 2634 1723 2681 super
1740 2635 1894 2682 protestu
1907 2661 1917 2675 ,
1935 2636 1969 2670 &
1986 2636 2149 2670 trahentis
2163 2635 2220 2669 ha-

1259 2686 1316 2718 bet
1336 2682 1497 2730 pecunias
1510 2709 1519 2723 ‚
1537 2683 1571 2716 δε
1592 2682 1744 2717 ordinem
1756 2710 1765 2724 ,
1781 2683 1879 2731 quod
1898 2683 1966 2717 iiiae
1983 2684 2140 2729 pecuniae
2161 2682 2219 2718 de-

1261 2733 1359 2766 beant
1369 2729 1491 2765 servire
1505 2741 1567 2777 pro
1580 2731 1633 2764 iiia
1645 2731 1756 2771 natta,
1770 2741 1904 2766 tenetur
1915 2731 2043 2766 servare
2065 2731 2220 2766 ordinem

1261 2780 1476 2825 datumzergo
1488 2778 1594 2813 curin
1609 2778 1696 2819 casu,
1713 2778 1756 2812 de
1770 2790 1845 2826 quo
1861 2780 2003 2825 agimus,
2017 2779 2126 2826 potest
2143 2779 2221 2827 quis

1260 2829 1389 2863 servare
1403 2826 1553 2861 ordinem
1564 2825 1598 2859 in
1611 2825 1806 2872 recipiendo
1819 2827 1979 2873 pecunias
1997 2827 2196 2863 remittentis
2209 2853 2220 2868 ‚

1262 2875 1340 2912 &in
1358 2875 1494 2923 reliquis
1508 2873 1652 2908 eundem
1671 2874 1820 2909 ordinem
1838 2873 2015 2921 spernere?
2029 2875 2194 2910 Secundo
2209 2902 2218 2916 ‚

1261 2924 1341 2971 quia
1359 2923 1396 2962 is,
1413 2922 1473 2970 qui
1486 2923 1630 2970 pecunia
1648 2922 1768 2957 remifit
1784 2922 1957 2958 videretur
1969 2923 2064 2959 aliter
2075 2921 2230 2970 spoliari.'

1263 2975 1288 3018 †
1313 2971 1436 3006 Tertio
1455 2998 1464 3012 ‚
1486 2969 1566 3017 quia
1589 2982 1665 3005 curn
1683 2970 1750 3005 illae
1770 2971 1927 3018 pecuniae
1945 2971 2161 3015 remittuntur
2178 2970 2220 3006 ad
2237 2980 2302 3027 378

1263 3019 1366 3067 ipsum
1394 3029 1612 3054 mercatorem
1627 3045 1636 3060 ,
1655 3028 1811 3066 tanquam
1831 3019 1880 3062 ad
1895 3019 2134 3054 mandatarium
2150 3045 2160 3060 ‚
2187 3019 2222 3054 &

1264 3078 1517 3116 procuratorem
1535 3091 1544 3106 ‚
1564 3069 1597 3102 &
1615 3067 1642 3101 is
1655 3092 1665 3109 ,
1689 3066 1884 3113 recipiendo
1902 3078 1975 3108 eas,
1998 3065 2087 3102 fasto
2101 3078 2223 3114 accep-

1265 3127 1313 3150 tat
1333 3115 1524 3151 mandatum
1539 3140 1548 3154 ,
1573 3114 1698 3156 debet,
1723 3115 1772 3149 uti
1793 3125 2016 3160 procurator,
2033 3115 2096 3150 effe
2118 3115 2224 3162 magis

1265 3163 1374 3198 fidelis
1389 3162 1528 3197 domino
1542 3188 1551 3202 ,
1568 3174 1669 3210 quarn
1687 3161 1770 3196 alius
1790 3172 1963 3198 extraneus
1980 3189 1989 3204 ‚
2007 3164 2041 3198 ὃς
2057 3163 2136 3198 ideo
2156 3174 2225 3198 non

1268 3210 1379 3258 potest
1396 3209 1462 3256 ipse
1477 3210 1543 3256 ipse
1564 3211 1673 3245 facere
1689 3221 1806 3245 contra
1822 3210 1994 3246 dominum
2008 3237 2018 3251 ,
2037 3211 2134 3259 quod
2150 3209 2225 3257 pos-

1269 3260 1314 3293 set
1333 3270 1505 3293 extraneus
1522 3286 1531 3298 ,
1549 3258 1596 3292 ad
1611 3269 1673 3292 nat.
1691 3270 1750 3302 per
1768 3260 1844 3304 Cyn.
1867 3259 1944 3293 Bal.
1963 3260 2070 3305 Salyc.
2089 3259 2123 3296 ἐπ’
2140 3259 2225 3292 alios

1270 3310 1301 3340 in
1317 3307 1376 3341 l.i.
1395 3309 1428 3339 C.
1445 3307 1486 3339 de
1505 3307 1655 3342 dolaml.
1680 3305 1760 3353 quia
1781 3307 1951 3342 vinculum
1968 3306 2048 3342 fidei
2064 3306 2227 3351 susceptae

1272 3353 1373 3388 efficit
1384 3380 1394 3394 ,
1415 3364 1448 3387 ut
1463 3354 1559 3398 quod
1576 3366 1644 3389 non
1660 3353 1786 3400 possum
1801 3381 1809 3396 ‚
1826 3365 1862 3390 ut
1874 3367 1940 3402 ego
1953 3381 1962 3394 ‚
1977 3355 2086 3389 minus
2099 3353 2225 3400 possirn,

1272 3413 1310 3436 ut
1335 3402 1419 3435 alius
1434 3427 1441 3441 ,
1459 3402 1561 3438 Bald.
1584 3405 1618 3436 in
1633 3403 1808 3449 summario
1831 3403 1928 3438 d.l.r.
1945 3403 1978 3437 δε
1996 3402 2037 3437 sic
2056 3401 2226 3437 ceffabunt

1273 3449 1341 3484 illae
1367 3449 1518 3484 fiffiones
1545 3450 1755 3484 mercatoriae
1776 3477 1785 3491 ,
1816 3451 1939 3497 quibus
1965 3460 2129 3485 mercator
2152 3450 2228 3485 vult

1274 3497 1507 3543 repraesentare
1521 3497 1554 3531 in
1570 3498 1690 3532 eodem
1705 3498 1847 3544 negotio
1863 3499 1974 3545 Plures
1994 3497 2147 3544 personas
2159 3523 2168 3538 ,
2188 3507 2228 3532 ut

1275 3545 1306 3577 in
1321 3545 1387 3578 alio
1405 3545 1578 3591 proposito
1598 3543 1704 3589 scripsi
1720 3547 1808 3592 infra
1822 3546 2063 3594 §.6gl.i.n.25.
2079 3544 2167 3579 Dem
2180 3556 2227 3579 im

1279 3592 1354 3625 liare
1373 3592 1542 3637 ampliatio
1563 3593 1640 3626 viris
1657 3591 1813 3638 spet‘h'iae
1831 3593 1908 3627 fidei
1931 3619 1940 3632 ,
1961 3592 2077 3626 mirum
2100 3593 2132 3626 in
2155 3606 2227 3628 mo-

1279 3640 1359 3674 dum
1381 3639 1596 3684 displiceret,
1613 3643 1666 3682 &,
1680 3641 1737 3674 ubi
1754 3639 1938 3677 serviretur
1951 3666 1959 3682 ,
1979 3642 2172 3678 mercatoria
2192 3640 2230 3674 fi-

1279 3686 1338 3721 des
1364 3689 1639 3733 prosterneretur.

2067 3737 2231 3784 Hincque
