2400 3939
202 1074 267 1111 180

289 142 395 210 362

283 235 352 272 qua
374 225 622 268 aestimabatun,
654 238 760 274 quare
777 254 786 266 ,
828 227 850 260 fi
877 238 913 260 tu
938 227 1076 261 deberes
1102 237 1240 261 centum

283 274 431 307 ducat-os
456 286 577 310 aureos
603 275 636 308 in
660 287 743 310 auro
766 274 809 308 de
842 286 972 309 camera
989 301 998 316 ,
1037 276 1071 309 ὃς
1096 274 1240 322 quilibet

282 320 430 356 ducatus
458 321 683 357 aestimabatur
713 322 872 357 undecim
905 322 1004 365 juliis
1023 349 1033 364 ,
1075 324 1109 357 ὅ(
1136 322 1242 357 hodie

282 367 329 402 illi
357 368 473 405 ducati
501 382 569 404 non
592 370 668 406 sunt
702 371 734 404 in
764 370 823 404 usu
840 397 849 411 ,
887 374 920 406 ὅτ.
951 369 1032 405 ideo
1055 380 1123 406 nori
1145 381 1241 417 repe-

285 416 417 452 riuntur
432 444 442 458 ,
471 419 505 454 ὃς
528 417 675 453 similiter
697 419 742 453 illi
774 418 856 461 Julii
882 431 951 453 non
973 418 1186 464 reperiuntur
1208 419 1242 452 in

284 464 337 498 illa
362 465 517 502 bonitate
539 465 732 507 intrinseca,
762 466 849 500 adeo
869 467 968 514 quod
991 466 1104 508 Julius
1122 466 1168 500 est
1193 466 1243 501 di-

284 513 434 548 minutus
456 513 526 549 sere
540 513 573 548 in
590 514 728 550 duobus
749 515 924 550 baiocchis
938 542 946 556 ‚
977 516 1010 549 &
1032 513 1244 562 consequen-

286 571 337 596 ter
357 561 514 597 undecim
543 562 642 605 Juliis
669 562 840 597 modernis
865 575 932 598 non
955 562 1066 609 polTet
1092 563 1157 597 emi
1188 562 1246 597 ille

284 608 434 646 ducatus
463 610 648 657 antiquus,
681 610 738 645 sed
763 611 1015 657 requirerentur
1039 610 1151 645 saltem
1179 611 1242 654 Ju-

284 657 320 691 lii
344 670 394 692 iz.
417 658 498 707 quia
528 670 581 692 12.
610 671 650 693 ex
672 659 841 695 modernis
864 658 941 695 sunt
967 659 997 693 in
1029 668 1123 695 tanta
1143 658 1242 694 boni-

284 715 373 747 tate,
405 707 438 742 &
459 718 527 741 non
546 707 654 748 ultra,
687 707 721 742 in
735 719 862 755 quanta
884 719 978 743 erant
1002 719 1053 742 ιι.
1075 707 1159 751 Julii
1186 718 1243 741 an-

285 754 373 801 tiqui
393 781 403 796 ,
432 754 553 802 utique
575 755 723 791 ducatus
743 757 884 790 deberet
904 755 1058 790 aestimari
1080 768 1150 790 non
1179 755 1244 799 Ju-

285 801 336 836 liis
364 802 543 844 undecim,
563 802 620 838 sed
639 803 824 838 duodecim
843 831 852 845 ‚
872 808 944 841 Rot.
959 805 1071 839 diver.
1085 804 1242 850 dec.683.

284 863 366 885 aizno
383 851 559 898 1524.sub
576 864 607 888 n.
622 865 652 889 ι.
671 854 758 900 veis.
771 855 867 886 ratio.
882 856 915 886 in
929 857 1019 888 Rom.
1032 856 1243 901 pecuniaria,

284 910 394 933 coram
410 901 450 933 R.
463 901 503 934 P.
514 902 561 934 D.
588 902 708 945 Penni,
734 901 814 935 luna:
829 914 846 934 2
857 913 885 935 1.
902 903 1064 937 Ianuarii
1078 902 1178 948 1589.
1195 904 1244 935 in-

283 956 335 980 ter
350 947 512 996 impreffas
527 950 579 982 Lu
602 948 682 983 duni
692 961 775 983 anno
796 950 890 984 1612.

333 994 564 1032 Confirmatur
575 961 659 1031 {aec
680 996 866 1032 declaratio
884 1009 925 1032 ex
939 997 1011 1039 iiis,
1037 1009 1119 1046 quae
1137 997 1246 1045 scripfi

287 1045 377 1091 infra
391 1044 456 1090 fiib
473 1056 502 1078 n.
525 1056 597 1089 ¹90·
610 1045 713 1092 ampl.
727 1057 761 1087 4.
858 1054 861 1056 ’

332 1091 481 1126 Declara
506 1091 657 1128 secundo
684 1092 822 1129 eandem
851 1093 1104 1140 intelligentiam
1135 1095 1168 1128 in
1198 1093 1245 1127 se·

282 1140 396 1175 cunda
418 1151 534 1187 parte,
565 1141 767 1188 explicando
788 1142 911 1176 clarius
929 1143 1014 1177 hanc
1029 1144 1166 1190 primam
1188 1142 1245 1177 de-

280 1187 521 1231 clarationem,
553 1200 592 1225 ut
621 1190 756 1225 bonitas
779 1190 956 1226 intrinseca
979 1204 1128 1227 monetae
1148 1190 1243 1225 dica-

280 1245 336 1270 tur
365 1236 486 1272 mutari
513 1237 707 1285 dupliciter.
746 1238 883 1281 Primo,
919 1241 1060 1287 quando
1096 1250 1246 1274 mutatur

277 1282 344 1330 ipsa
371 1295 507 1320 moneta
534 1286 657 1332 speciei
691 1287 843 1328 debitae,
883 1299 922 1324 ut
945 1298 1028 1335 puta
1050 1315 1060 1330 ,
1101 1288 1244 1323 debetur

277 1330 394 1368 scutus
415 1344 536 1368 aureus
561 1335 720 1377 Genuoe,
745 1337 779 1370 ὅ(
800 1335 860 1375 iste
877 1347 1049 1372 mutatur:
1081 1338 1114 1371 ὃς
1135 1337 1167 1371 in
1188 1337 1247 1369 illa

279 1381 469 1416 mutatione
483 1384 548 1428 jam
567 1382 637 1417 dixi
659 1383 725 1418 effe
745 1385 988 1419 attendendum
1013 1397 1147 1431 ternpus
1162 1397 1245 1419 con-

279 1429 414 1464 vastus.
443 1430 632 1472 Secundo,
662 1433 802 1479 quando
820 1446 887 1468 non
915 1445 1064 1468 mutatur
1092 1445 1244 1474 moneta,

280 1488 362 1523 quae
381 1477 551 1520 debetur,
584 1479 640 1513 sed
655 1491 806 1515 mutatur
828 1493 963 1516 moneta
993 1481 1149 1523 inferior,
1178 1493 1246 1529 qua

283 1526 405 1560 emitur
430 1538 564 1562 moneta
584 1527 716 1570 debita,
750 1541 789 1564 ut
805 1541 906 1577 puta,
935 1530 1044 1564 debeo
1067 1531 1125 1565 nbi
1145 1543 1247 1564 unum

287 1571 417 1608 scutum
448 1587 584 1610 aureum
605 1603 616 1617 ‚
662 1578 724 1624 qui
756 1587 910 1625 ternpore
941 1581 1132 1613 contractus
1161 1579 1248 1613 valet

287 1619 346 1657 sol.
369 1635 427 1666 90.
452 1625 485 1658 ὃς
511 1635 663 1671 ternpore
682 1625 861 1661 solutionis
886 1628 976 1662 valet
1006 1627 1065 1661 lol.
1092 1639 1151 1670 94.
1179 1638 1248 1661 non

287 1671 367 1717 quia
387 1671 423 1705 iit
449 1672 568 1706 austus
590 1673 622 1706 in
644 1674 799 1709 bonitate
836 1675 1010 1710 intrinseca
1034 1702 1044 1717 ,
1090 1675 1143 1709 sed
1169 1675 1248 1722 qnia

287 1731 423 1753 moneta
453 1731 638 1767 argentea,
671 1734 740 1770 qua
768 1723 874 1758 hodie
902 1735 1023 1758 emitur
1050 1725 1103 1758 ille
1134 1724 1248 1758 scutus

286 1779 433 1808 aureus,
468 1780 536 1803 non
561 1770 608 1804 est
632 1772 677 1804 ita
709 1772 797 1806 bona
815 1799 824 1812 ,
859 1782 963 1817 prout
998 1784 1067 1807 erat
1095 1783 1250 1819 ternpore

288 1816 504 1860 contra6li183
538 1819 571 1853 δε
593 1819 672 1866 quia
701 1819 748 1854 est
771 1820 952 1865 injustum,
988 1821 1086 1868 quod
1117 1833 1184 1867 ego
1209 1821 1247 1854 il-

285 1862 354 1898 lum
376 1864 506 1900 scutum
521 1877 659 1901 aureum
676 1880 798 1907 ernam,
821 1868 984 1904 solvendo
1000 1881 1124 1904 tantam
1141 1881 1247 1916 quan-

286 1912 417 1947 titatem
443 1915 573 1960 argenti
608 1917 827 1951 contaminati
851 1944 861 1958 ,
897 1928 1055 1964 quantam
1084 1916 1248 1952 solvissern

286 1962 417 2008 argenti
441 1962 513 2007 puri
529 1972 682 2010 ternpore
695 1966 891 2000 contrafkus
911 1993 920 2007 ,
945 1966 1025 2000 ideo
1051 1965 1162 2000 debeo
1186 1965 1247 1999 sol-

285 2009 400 2044 vendo
428 2011 487 2045 tibi
510 2010 601 2047 illum
624 2012 755 2048 scutum
778 2025 938 2055 aureum,
973 2014 1054 2048 dare
1078 2026 1145 2048 non
1166 2025 1247 2048 ean-

280 2057 357 2092 dem
379 2059 604 2106 quantitatem
626 2061 781 2108 argenti,
811 2074 911 2110 quam
936 2063 1096 2097 dedilsem
1116 2074 1247 2108 ternpo-

276 2118 313 2140 re
338 2106 561 2150 contra&us;
587 2109 668 2156 qnia
689 2110 772 2145 illud
803 2121 873 2146 erat
898 2122 1076 2158 argentum
1097 2112 1216 2157 purius
1235 2138 1245 2152 ,

277 2154 336 2189 sed
362 2155 452 2190 dabo
479 2157 640 2203 majorem
668 2158 911 2206 quantitatem,
944 2159 1026 2207 quia
1055 2158 1102 2193 est
1124 2171 1243 2205 argen-

278 2214 350 2238 tum
376 2203 514 2239 minoris
538 2205 637 2252 pretii
659 2232 669 2248 ,
704 2207 737 2241 ὃς
765 2207 809 2241 sic
831 2207 944 2243 debeo
971 2208 1100 2242 solvere
1127 2209 1180 2241 vel
1204 2208 1248 2242 de

276 2252 422 2298 pecunia
449 2264 553 2300 aeque
583 2255 699 2296 bona,
733 2255 787 2290 vel
813 2254 858 2290 de
882 2267 995 2296 nova,
1030 2256 1072 2289 ad
1103 2256 1245 2290 aestima—

277 2300 404 2334 tionem
429 2302 603 2348 antiquae,
639 2314 678 2338 ut
701 2315 740 2337 ex
760 2304 932 2338 communi
961 2304 1155 2340 Dostorum
1174 2304 1242 2338 sen-

278 2349 384 2383 tentia
405 2349 557 2396 sequitur
583 2353 718 2386 Cravet.
745 2354 829 2390 cons.
846 2364 904 2399 47.
928 2352 1132 2402 magnificus.
1155 2365 1242 2386 num.

281 2399 311 2431 ⁶.
341 2399 376 2433 &
391 2409 431 2431 ex
450 2409 492 2433 eo
505 2423 516 2438 ,
543 2400 577 2433 <Sc
598 2399 669 2433 aliis
687 2401 757 2434 Ror.
775 2400 901 2445 divers.
918 2401 989 2435 dec.
1008 2402 1088 2447 687.
1104 2412 1239 2434 emerat.

277 2447 393 2491 verfics
406 2445 468 2489 fin.
487 2448 574 2494 vers.
591 2447 817 2492 confideravir.
837 2452 870 2482 in
888 2451 1074 2486 Cael'enaten.
1088 2452 1242 2495 pecunia-

277 2496 330 2527 ria
345 2520 354 2534 ,
374 2507 484 2528 coram
510 2497 546 2529 R.
562 2497 601 2529 P.
614 2497 660 2529 D.
688 2499 811 2537 Penia,
835 2509 910 2530 ven.
928 2510 983 2539 ²4-
1002 2499 1123 2531 Martii
1142 2509 1241 2542 ¹597·

277 2545 362 2575 inter
376 2542 540 2590 impreffas
557 2544 714 2592 Lugduni
729 2557 811 2578 anno
833 2548 893 2580 161
906 2558 934 2581 2.
966 2545 1085 2580 dicens
1113 2545 1146 2579 in
1165 2544 1241 2579 casii

278 2589 359 2631 suo,
388 2596 486 2638 quod
506 2591 632 2626 solutio
653 2591 738 2627 scuti
759 2593 851 2627 aurei
875 2605 945 2628 erat
963 2592 1137 2635 facienda,
1158 2594 1245 2628 aessi-

277 2638 403 2673 mando
431 2638 564 2673 scutum
587 2642 630 2673 ad
662 2641 825 2676 rationem
856 2641 1015 2676 undecim
1043 2641 1213 2684 ,Iuliorum
1231 2668 1241 2682 ,

277 2698 356 2722 cum
383 2687 521 2722 alterius
545 2687 686 2723 dimidio
702 2715 712 2730 ,
741 2701 846 2736 prout
868 2689 985 2724 scutus
1011 2701 1135 2724 aureus
1156 2690 1244 2724 vale-

278 2736 335 2770 bat
363 2746 518 2781 teinpore
541 2737 762 2778 contraeas,
801 2748 879 2772 curn
913 2749 1047 2773 moneta
1078 2737 1215 2773 inferior
1233 2764 1243 2780 ,

277 2783 323 2817 de
348 2795 416 2831 qua
449 2783 575 2820 solutio
600 2795 736 2830 poterat
771 2784 843 2819 fieri
862 2811 872 2828 ,
911 2785 991 2822 elset
1025 2786 1122 2821 valde
1147 2786 1245 2821 dimi·

276 2841 386 2875 nuta3
414 2832 543 2867 &ideo
567 2831 726 2878 injustum
744 2832 846 2875 ellet,
878 2834 976 2882 quod
996 2835 1135 2869 daretur
1149 2834 1246 2869 massa

278 2890 451 2915 monetata
479 2881 587 2915 minor
615 2893 673 2922 ea,
704 2894 786 2929 qnae
810 2882 955 2917 dabatur
979 2893 1134 2926 tempore
1157 2895 1244 2917 con-

278 2928 433 2971 traCtu33
462 2939 568 2977 quare
594 2928 627 2963 in
655 2929 713 2964 isla
735 2929 879 2965 secunda
908 2932 1098 2966 mutatione
1125 2943 1244 2978 proce-

280 2975 332 3012 dit
356 2976 454 3011 etiam
484 2975 601 3018 casus,
642 2977 686 3012 de
709 2991 782 3026 quo
808 2979 948 3015 locutus
974 2978 1045 3013 sum
1081 2979 1114 3014 in
1142 2980 1245 3026 prima

281 3023 525 3061 declaratione.

327 3072 432 3107 Ratio
462 3073 572 3108 totius
598 3074 691 3108 istius
712 3074 971 3121 intelligentiae,
1002 3074 1124 3121 positae
1138 3076 1246 3122 strpra

280 3134 366 3155 rium.
389 3134 465 3170 ¹77·
490 3121 536 3155 est
561 3122 722 3164 evidens,
754 3123 834 3170 quia
856 3124 888 3156 iri
910 3123 981 3158 aliis
1000 3123 1105 3157 >eiiam
1131 3123 1247 3157 merci-

278 3171 343 3204 bus
370 3168 625 3205 conliderantur
651 3171 761 3204 omnia
785 3172 970 3217 praediCta,
1003 3170 1163 3206 videlicet
1183 3172 1247 3205 bo-

278 3217 363 3253 nitas
386 3217 592 3259 extrinseca‚
631 3219 665 3253 &
692 3220 825 3253 bonitas
850 3220 1044 3261 intrinseca,
1079 3220 1112 3253 δε
1132 3231 1249 3254 omnes

278 3266 454 3311 praedit‘lae
481 3266 746 3309 conclufiones3
786 3267 807 3300 si
835 3279 872 3301 tu
893 3269 979 3302 enim
1005 3266 1085 3301 mihi
1111 3279 1150 3301 ex
1174 3279 1248 3302 mu-

279 3325 343 3350 tuo
363 3341 373 3356 ‚
417 3315 472 3348 vel
496 3325 536 3347 ex
560 3314 625 3350 alio
655 3315 832 3349 contraetu
859 3315 1000 3350 deberes
1028 3325 1152 3350 certam
1176 3314 1249 3362 spe-

279 3363 364 3397 ciem
385 3362 475 3403 vini,
506 3373 611 3407 puta,
634 3363 823 3404 malvaliae,
849 3364 882 3397 &
905 3375 974 3397 eam
994 3362 1095 3398 solvis
1119 3374 1251 3409 tempo-

279 3421 316 3444 re
342 3409 461 3444 debito
477 3436 486 3449 ,
518 3422 586 3445 non
610 3411 820 3452 attenditur,
853 3424 893 3446 an
926 3411 1020 3445 valor
1041 3412 1080 3446 fit
1102 3410 1221 3445 :iustus
1240 3436 1250 3452 ,

283 3458 336 3492 vel
361 3456 563 3497 diminutus,
598 3458 679 3505 quia
704 3468 770 3493 tam
796 3470 1041 3505 augmentum,
1076 3470 1175 3507 quam
1198 3458 1252 3493 di-

283 3505 427 3539 minutio
456 3505 581 3551 spestat
604 3506 647 3540 ad
673 3519 727 3541 me
753 3507 955 3541 creditorem
982 3533 991 3547 ‚
1023 3518 1082 3553 per
1102 3518 1140 3541 ea
1166 3517 1250 3553 quae

283 3553 348 3586 dixi
367 3554 400 3599 ξ.
419 3555 614 3599 praecedenti
637 3568 667 3600 q.
690 3568 723 3589 1.
748 3567 834 3588 num.
851 3568 932 3601 4¹5·
957 3556 991 3591 ὅ]
1014 3557 1098 3595 416.
1123 3555 1157 3588 δε
1182 3555 1252 3588 lioc

281 3600 416 3647 dempta
449 3611 570 3641 mora·,
602 3601 767 3647 supposita
796 3613 905 3637 tamen
935 3613 1054 3643 mora,
1090 3602 1250 3637 intrarent

282 3651 409 3684 eaedem
441 3646 672 3684 coiiclusnnes
689 3676 698 3690 ‚
734 3661 819 3697 quas
847 3651 881 3684 in
903 3649 1038 3686 moroso
1064 3649 1220 3685 debitore
1237 3668 1251 3691 ς

623 135 977 221 sigismundi
1015 136 1256 198 Scacciae
1293 136 1492 199 Trad‘c.
1537 137 1613 199 de
1638 140 1930 200 Commer.

1292 228 1326 262 &
1357 228 1528 264 creditore
1549 237 1697 262 monetae
1722 224 1853 263 firma'vi
1878 228 1936 262 hic
1949 226 2068 275 supra;
2094 231 2128 265 Ge
2154 229 2253 272 ἓκΐς.ἵ

1293 276 1502 312 considerata
1523 275 1677 310 bonitate
1699 275 1899 311 extrinseca:
1923 277 2131 312 considerata
2144 288 2259 312 autem

1292 324 1446 359 bonitate
1466 323 1659 364 intrinseca,
1689 323 1819 358 attendi
1842 324 1945 359 debet
1968 336 2036 360 non
2060 336 2193 372 tempus
2206 326 2259 361 so-

1297 371 1461 413 lutionis,
1490 371 1546 406 sed
1573 381 1707 418 ternpus
1727 374 1940 416 conti·a6kus;
1967 372 2058 407 unde
2074 374 2096 407 si
2119 384 2157 408 tu
2177 373 2258 407 milii

1298 418 1440 454 deberes
1463 420 1544 455 dare
1568 419 1688 454 decem
1709 420 1874 455 malvaliae
1895 420 2074 466 amphoras
2096 421 2130 455 in
2153 433 2258 468 gene-

1296 479 1355 509 re,
1391 479 1472 515 quae
1498 478 1653 514 tempore
1681 469 1874 503 contrastus
1904 468 2017 503 fuiiset
2043 470 2192 516 optima3
2225 472 2260 506 &

1295 525 1450 563 tempore
1463 543 1473 558 ‚
1502 515 1630 564 quovis
1649 527 1720 550 eam
1741 516 1822 550 milii
1840 517 1941 558 dare,
1966 515 2047 552 esset
2066 530 2135 553 non
2157 519 2258 560 bona,

1295 565 1330 599 δε
1351 562 1526 611 ampliorae
1544 563 1693 600 mensura
1713 563 1791 599 esset
1817 564 1980 600 diminuta
1995 591 2005 606 ,
2034 567 2113 613 quia
2140 567 2219 601 eflet
2238 566 2260 602 ὲ

1293 611 1454 659 Principe
1473 622 1620 654 mutata,
1649 623 1734 647 tunc
1747 611 1828 647 esset
1847 611 2089 648 recurrendum
2112 614 2155 649 ad
2173 626 2259 650 tem-

1294 671 1360 707 pus
1384 661 1603 705 contrafftuu
1633 661 1666 696 ὃ(
1692 662 1837 707 proinde
1857 661 1880 695 si
1906 672 1998 697 tanta
2018 662 2184 698 malvasiae
2197 664 2258 698 bo-

1293 721 1351 744 nae
1375 709 1569 757 quantitas,
1599 710 1635 744 δε
1660 710 1693 743 in
1714 707 1861 744 mensura
1890 721 1970 747 non.
1982 709 2170 753 diminuta,
2201 723 2258 747 va·

1294 756 1387 792 lebat
1409 768 1466 802 ις.
1492 759 1527 792 &
1547 757 1606 792 ista
1622 784 1632 800 ,
1656 768 1739 805 quae
1758 770 1825 792 non
1847 756 1894 793 est
1918 759 2030 800 bona,
2057 759 2141 793 &in
2166 771 2259 794 men-

1293 804 1367 840 sura
1388 805 1570 848 diminuta,
1594 806 1686 841 valet
1701 806 1840 847 decem,
1865 817 1901 842 tu
1921 805 2025 840 debes
2041 805 2196 854 supplere
2215 807 2258 842 ad

1293 853 1455 889 rationem
1483 854 1574 889 illius
1592 854 1712 903 pretii,
1740 855 1774 889 δε
1792 854 1967 890 mensurae.

1344 902 1617 949 Ampliationes,
1636 903 1671 938 δε
1686 902 1903 938 limitationes
1914 903 1957 938 ad
1977 903 2065 938 hane
2079 903 2257 940 secundam

1293 949 1532 998 intelligentiae
1547 961 1674 998 partem
1684 977 1694 992 ,
1714 950 1853 998 pofitam
1862 953 1969 998 supra
1979 964 2011 989 n.
2026 953 2103 999 178.
2117 954 2258 1001 quando

1293 1000 1439 1035 mutatio
1453 999 1603 1035 confistit
1617 999 1651 1034 in
1665 999 1818 1034 bonitate
1832 999 2008 1035 intrinseca
2020 1027 2029 1043 ‚
2044 1003 2125 1049 quia
2139 1001 2186 1036 est
2200 1001 2263 1037 de-

1293 1046 1453 1082 teriorata
1471 1048 1627 1090 materia,
1653 1047 1707 1082 vel
1724 1047 1829 1082 forma
1843 1074 1854 1089 ,
1882 1047 1962 1082 vide
1984 1049 2086 1084 Gabr.
2104 1052 2137 1083 in
2148 1062 2257 1084 conc..

1292 1096 1349 1129 lib.
1367 1108 1396 1141 3.
1407 1099 1458 1130 tit.
1471 1097 1623 1143 desblut.
1637 1097 1738 1130 cimel.
1759 1109 1770 1131 1
1780 1121 1788 1129 .
1802 1109 1868 1141 n.3.
1882 1097 1917 1133 (9¹
1928 1098 2019 1145 [ἔῃ.
2032 1100 2130 1144 usque
2143 1098 2190 1132 ad
2207 1096 2258 1135 fin.

1292 1145 1325 1177 ὃς
1347 1143 1433 1178 inter
1447 1144 1526 1178 alias
1538 1144 1766 1186 limitationes,
1787 1144 1888 1180 limita
1900 1145 2021 1191 primo,
2038 1145 2178 1194 quando
2191 1158 2260 1181 non

1291 1193 1423 1228 constat
1446 1192 1490 1227 de
1510 1194 1665 1228 bonitate
1686 1192 1882 1233 intrinseca,
1916 1195 1950 1228 ὃς
1971 1194 2014 1229 de
2037 1195 2151 1230 valore
2173 1194 2258 1229 anii-

1292 1252 1373 1287 quae
1397 1251 1548 1276 monetae
1564 1241 1749 1281 currentis,
1766 1253 1919 1288 ternpore
1937 1243 2133 1278 contrastus
2145 1269 2155 1284 ,
2177 1244 2258 1289 quia

1294 1300 1379 1323 tunc
1401 1289 1527 1324 solutio
1544 1289 1644 1324 debet
1657 1289 1728 1324 fieri
1744 1289 1795 1324 de
1807 1301 1941 1324 moneta
1960 1291 2109 1326 currenti
2125 1300 2256 1336 tempo-

1293 1348 1329 1371 re
1342 1336 1521 1372 solutionis
1545 1337 1731 1373 secundum
1751 1338 1896 1372 valorem
1919 1338 2069 1386 ejusdem
2095 1339 2257 1385 temporis

1293 1385 1490 1427 solutionis,
1517 1388 1597 1421 Hie.
1617 1385 1790 1432 Gabaeonsl
1813 1389 1887 1427 164.
1905 1389 2038 1421 civitas.
2055 1400 2086 1421 n.
2107 1400 2133 1420 1.
2149 1390 2184 1421 in
2193 1386 2255 1430 fin.

1296 1435 1330 1470 &
1345 1448 1377 1468 ι.
1390 1435 1462 1468 lm.
1478 1436 1507 1481 †
1521 1434 1644 1470 Limita
1656 1433 1806 1469 secundo
1826 1435 1967 1481 quando
1982 1434 2132 1470 creditor
2144 1433 2256 1470 fuisset

1295 1481 1411 1523 causa,
1441 1486 1493 1517 vel
1509 1483 1678 1530 particeps
1707 1482 1973 1529 reprobationis,
1999 1482 2055 1517 seu
2071 1484 2254 1518 deteriora-

1296 1531 1397 1565 tionis
1417 1532 1594 1578 pecuniae,
1622 1533 1703 1579 quia
1718 1542 1801 1565 tunc
1827 1531 1885 1577 ipli
1914 1531 1999 1568 solvi
2015 1530 2122 1577 pollet
2141 1531 2185 1566 de
2205 1534 2258 1566 illa

1295 1580 1439 1625 pecunia
1460 1582 1641 1626 reprobata
1657 1606 1666 1619 ,
1692 1579 1748 1613 seu
1759 1579 1974 1614 deteriorata.
1992 1580 2092 1616 Gabr.
2106 1580 2141 1617 d.
2157 1581 2259 1617 coiicl.

1302 1631 1375 1663 1.ιή
1394 1627 1447 1666 fin.
1461 1642 1494 1663 n.
1508 1640 1565 1671 41.
1582 1629 1740 1663 limit.ro.
1766 1628 1919 1675 ideoque
1939 1629 2170 1674 Principibus,
2197 1640 2258 1675 qui

1295 1674 1365 1709 fere
1377 1674 1502 1722 semper
1517 1676 1615 1711 causa
1634 1676 1710 1710 sunt
1737 1677 1933 1710 mutationis
1950 1689 2117 1717 monetae,
2145 1677 2259 1722 potest

1296 1722 1380 1758 solvi
1395 1724 1427 1758 in
1453 1724 1506 1758 illa
1523 1734 1658 1759 moneta
1675 1725 1824 1758 currenti
1843 1751 1852 1765 ,
1877 1725 2031 1770 quamvis
2045 1725 2084 1761 sit
2107 1725 2255 1760 deterio-

1295 1783 1366 1807 rata
1381 1800 1390 1814 ,
1413 1775 1511 1807 Hier.
1528 1773 1610 1807 Gab.
1632 1772 1666 1806 d.
1681 1774 1767 1817 confi
1789 1773 1937 1817 ¹64·,fi¹b
1952 1786 1981 1807 n.
2002 1785 2032 1818 5.

1344 1822 1390 1857 Et
1407 1822 1482 1856 liaec
1502 1820 1546 1855 de
1562 1821 1669 1868 primo
1688 1821 1787 1860 calu,
1813 1820 1924 1866 posito
1941 1823 2038 1866 fitpra
2053 1833 2084 1855 n.
2101 1833 2177 1868 ¹47·

1344 1869 1528 1904 Secundus
1544 1868 1641 1903 casus
1667 1868 1714 1903 est
1734 1868 1874 1916 quando
1890 1870 2078 1916 obligatio,
2104 1868 2160 1904 seu
2177 1882 2256 1917 pro-

1295 1917 1399 1952 miffio
1415 1917 1461 1951 est
1476 1917 1521 1952 de
1539 1916 1683 1964 pecunia
1702 1917 1894 1963 imaginaria
1909 1944 1917 1958 ,
1948 1930 2030 1966 qnae
2048 1917 2254 1953 funetionem

1293 1966 1413 2012 recipit
1433 1966 1466 1999 in
1485 1965 1557 1999 aliis
1580 1965 1738 2010 pecuniae
1752 1965 1946 2011 speciebus,
1967 1977 2004 2000 ut
2021 1977 2120 2012 puta,
2143 1967 2166 2000 si
2181 1979 2255 2001 mu-

1294 2027 1356 2050 tuo
1375 2014 1500 2048 dentur
1520 2014 1611 2048 mille
1627 2014 1722 2048 librae
1735 2014 1767 2047 in
1785 2024 1836 2048 tot
1858 2014 2066 2052 cavallottis,
2087 2016 2176 2057 iuxta
2193 2024 2230 2049 ea
2244 2042 2252 2055 ,

1294 2076 1378 2110 quae
1402 2061 1597 2110 scripfisup.
1614 2075 1647 2096 n.
1666 2062 1741 2096 118.
1766 2063 1800 2095 ὃ(
1819 2062 1881 2096 iiio
1907 2063 1982 2097 casu
2001 2060 2194 2110 priusquam
2211 2063 2255 2098 ad

1291 2114 1368 2158 ejus
1391 2111 1652 2158 explicationem
1671 2111 1853 2156 procedam
1868 2136 1877 2150 ,
1905 2114 2079 2158 praemitto
2107 2112 2254 2146 breviter

1293 2160 1368 2195 tria.
1407 2160 1518 2194 Primo
1533 2186 1543 2200 ,
1571 2158 1671 2206 quod
1691 2170 1840 2193 monetae
1858 2157 2062 2206 imaginariae
2087 2159 2160 2195 sunt
2179 2160 2256 2207 plu-

1292 2221 1366 2247 res,
1394 2207 1576 2243 secundum
1601 2206 1764 2254 placitum
1782 2206 1998 2253 Regionum,
2027 2211 2061 2244 ὃς
2087 2207 2256 2251 locorum,

1291 2260 1325 2292 ὃς
1343 2257 1472 2305 aliquas
1495 2255 1666 2290 numeravi
1682 2254 1801 2303 soLgl.
1818 2268 1847 2300 3.
1866 2268 1895 2289 n.
1914 2257 1970 2290 68.
1992 2256 2154 2291 Secundo
2168 2268 2256 2302 pra:-

1291 2306 1389 2341 mitto
1402 2332 1410 2347 ‚
1432 2303 1532 2352 quod
1551 2303 1615 2337 isto
1633 2302 1712 2338 casu
1730 2315 1800 2337 non
1818 2315 1913 2349 agam
1934 2303 2087 2338 distinete
2104 2303 2147 2338 de
2164 2317 2256 2339 mora

1290 2353 1475 2393 debitoris,
1500 2353 1536 2387 ὅ(
1552 2351 1752 2392 creditoris,
1782 2352 1867 2398 quia
1885 2351 2053 2387 sufficiunt
2070 2379 2080 2393 ,
2108 2364 2190 2400 quae
2212 2351 2257 2386 de

1289 2415 1327 2436 ea
1350 2401 1537 2449 scripsimus
1556 2400 1589 2434 in
1624 2398 1835 2446 praecedenti
1861 2400 1939 2434 casu
1956 2427 1965 2441 ,
1995 2400 2017 2434 fi
2044 2401 2257 2448 applicentur

1288 2463 1366 2485 cui-n
1398 2449 1575 2484 habilitate
1608 2448 1840 2483 terminorum.
1897 2447 2019 2483 Tertio
2045 2449 2220 2496 praemitto
2243 2475 2256 2490 ,

1287 2499 1387 2546 qnod
1409 2498 1468 2533 etsi
1495 2499 1590 2532 valor
1615 2506 1767 2531 monetae
1788 2496 1996 2543 imaginariae
2023 2495 2060 2532 sit
2080 2496 2258 2533 invariabi-

1287 2548 1325 2581 lis
1342 2575 1350 2587 ,
1379 2559 1418 2582 ut
1443 2545 1585 2581 testatur
1608 2543 1711 2579 etiam
1735 2543 1854 2579 Alher.
1876 2546 1979 2579 Brun.
2005 2546 2102 2579 ιναῖἰ.
2125 2545 2167 2579 de
2193 2557 2259 2580 mo-

1285 2607 1346 2630 net.
1359 2607 1434 2642 par.
1458 2607 1485 2628 1.
1499 2596 1620 2641 partic.
1641 2594 1673 2627 6.
1692 2604 1723 2626 n.
1744 2604 1771 2626 1.
1793 2603 1868 2626 tom.
1889 2594 2015 2640 12.fol.
2029 2606 2106 2627 212.
2129 2593 2163 2628 ὅς
2187 2606 2260 2628 mo*

1286 2655 1376 2678 neta:
1399 2643 1479 2689 ipsae
1502 2640 1709 2689 imaginariae
1733 2641 1882 2676 invemae
1903 2641 1966 2675 lint
1988 2637 2095 2676 [olum
2112 2653 2176 2688 pro
2196 2641 2258 2676 usu

1287 2691 1531 2727 commodioris
1553 2716 1563 2731 ,
1599 2686 1831 2736 breviorisque
1863 2689 2009 2730 calculi,
2049 2690 2083 2724 δε
2111 2702 2181 2724 non
2215 2688 2260 2724 ad

1287 2741 1388 2775 aliurn
1414 2739 1505 2776 usum
1519 2765 1529 2779 ,
1561 2748 1670 2773 tamen
1694 2737 1726 2771 in
1744 2737 1792 2771 eis
1808 2737 2050 2773 consideranda
2077 2738 2170 2773 venit
2185 2749 2259 2772 mu-

1288 2788 1374 2824 tatio
1389 2815 1398 2830 ,
1427 2799 1509 2835 quae
1535 2784 1630 2821 fieret
1659 2784 1693 2819 in
1720 2785 1865 2820 monetis
1889 2786 1976 2820 veris
1995 2796 2138 2832 propter
2160 2787 2259 2821 boni-

1290 2848 1392 2872 tatem
1416 2834 1624 2871 intrinsecam
1638 2859 1648 2874 ,
1671 2843 1710 2868 ut
1732 2833 1801 2867 dixi
1822 2835 1914 2879 infra
1932 2847 1965 2869 n.
1991 2846 2070 2877 ¹90-

1337 2885 1404 2920 His
1432 2881 1624 2931 praemiffis,
1661 2881 1695 2916 δε
1719 2881 1897 2929 loquendo
1925 2881 1970 2916 de
1993 2882 2164 2917 solutione
2189 2881 2257 2916 fine

1289 2945 1402 2973 mora,
1430 2930 1628 2970 concludo,
1659 2929 1759 2976 quod
1786 2929 2029 2970 mutuatarius,
2066 2929 2121 2965 seu
2143 2929 2259 2977 quivis

1289 2983 1374 3016 alius
1391 2980 1529 3016 debitor
1553 2988 1688 3014 tenetur
1710 2978 1884 3013 restituere
1898 2977 1986 3012 mille
2007 2979 2106 3013 libras
2121 2978 2154 3012 in
2175 2989 2258 3026 qua-

1289 3041 1428 3077 cunque
1453 3037 1607 3066 moneta,
1640 3036 1678 3061 ut
1701 3025 1771 3059 dixi
1784 3026 1850 3073 sub
1866 3025 1901 3059 d.
1917 3038 1951 3059 n.
1971 3027 2047 3061 118.
2072 3026 2197 3063 &ideo
2213 3026 2257 3061 ad

1290 3088 1532 3114 mutuatarium
1563 3074 1751 3111 debitorem
1787 3073 1913 3119 speetat
1940 3086 2042 3111 omne
2069 3074 2227 3109 damnum
2243 3099 2258 3117 ,

1292 3129 1326 3162 δε
1348 3127 1479 3160 lucrum
1499 3124 1784 3163 cavallottorum‚
1810 3121 1843 3155 in
1867 3123 1994 3168 quibus
2016 3122 2115 3157 libras
2135 3131 2259 3158 mutuo

1292 3174 1448 3220 accepit,
1485 3172 1567 3220 quia
1599 3170 1669 3218 ipse
1687 3169 1751 3205 erit
1777 3168 1951 3215 obligatus
1974 3170 2108 3206 tradere
2124 3169 2226 3205 libras
2245 3181 2258 3204 2

1293 3222 1385 3270 quali
1413 3220 1571 3255 videatur
1594 3232 1656 3267 pro
1689 3217 1800 3265 pretio
1829 3217 1963 3253 illorum
1991 3218 2257 3255 cavallottorurn

1295 3269 1486 3304 vendidisse
1500 3268 1572 3303 illas
1597 3266 1687 3302 mille
1710 3265 1831 3306 libras,
1854 3268 1936 3300 Bar.
1960 3269 1993 3300 in
2011 3266 2036 3302 1.
2053 3279 2111 3311 99.
2133 3267 2260 3300 Paulur

1293 3320 1409 3365 versus
1419 3317 1544 3365 fiii-fich
1554 3330 1585 3350 n.
1595 3329 1605 3349 1
1615 3314 1813 3361 avers-sed
1824 3326 1928 3361 quaero
1938 3315 2018 3362 quid
2030 3314 2053 3356 [ἱ
2064 3327 2120 3364 ego
2130 3315 2275 3348 mutua-'

1294 3366 1394 3411 vhff.
1412 3365 1528 3412 desol.
1544 3364 1612 3399 Ab.
1630 3367 1663 3397 in
1677 3376 1705 3396 c.
1722 3363 1775 3397 18.
1795 3372 1923 3409 quanto.
1940 3363 2006 3409 fieb
2022 3375 2107 3397 num.
2123 3375 2174 3408 ¹5-
2191 3362 2238 3397 ibi
2249 3387 2260 3401 ,

1297 3416 1353 3447 dic
1370 3412 1611 3452 concludendo,
1639 3410 1682 3444 de
1704 3408 1911 3453 jurejurand.
1934 3412 2069 3448 Cmmr.
2087 3410 2190 3452 consil.
2203 3421 2262 3457 47.

1297 3460 1501 3510 magnificus.
1511 3463 1616 3499 initio,
1629 3460 1733 3498 initio,
1746 3458 1780 3493 ὠ
1792 3470 1823 3492 n.
1839 3468 1866 3490 1.
1880 3457 1966 3504 quod
1975 3458 2152 3506 impreffum
2163 3461 2265 3492 etiam

1300 3513 1385 3542 inter
1400 3509 1535 3542 trac‘lat.
1547 3507 1672 3552 divers:
1688 3506 1730 3539 de
1747 3516 1861 3540 monet.
1879 3505 2002 3539 Alber.
2017 3506 2119 3539 Brun.
2138 3506 2171 3542 ἐφ
2188 3507 2266 3540 sola

1301 3559 1334 3589 in
1347 3557 1427 3590 locis
1446 3556 1465 3590 ὰ
1481 3568 1530 3588 me
1546 3552 1659 3590 citaiis
1663 3554 1770 3601 supra
1785 3566 1870 3587 num.
1892 3565 1902 3585 1
1914 3565 1968 3593 ²4·
1991 3553 2177 3599 infecunda
2185 3553 2267 3602 sub-

1301 3605 1490 3652 extenfione,
1506 3604 1540 3639 (9'
1554 3601 1656 3636 Gabr.
1670 3604 1702 3634 in
1712 3602 1911 3645 coricl.lib.3.
1926 3605 1964 3634 ii.
1977 3600 2263 3650 desb1u1.c0nc1.2.

1295 3664 1326 3687 n.
1344 3664 1399 3696 ¹3·
1415 3651 1499 3698 verfi
1514 3650 1548 3687 (7
1571 3648 1748 3693 demumst.
1766 3650 1799 3685 (ἃ
1820 3661 1905 3684 mim.
1927 3650 1977 3683 16.
1994 3650 2027 3685 δι
2044 3650 2076 3683 in
2090 3649 2141 3683 liis
2156 3649 2268 3683 termi-

2213 3695 2276 3729 nis-

2280 1454 2342 1500 183

2374 2435 2375 2444 ⁴
2383 2324 2400 2416 -..0,
