<?xml version="1.0" encoding="UTF-8"?>
<!DOCTYPE html PUBLIC "-//W3C//DTD XHTML 1.0 Transitional//EN"
    "http://www.w3.org/TR/xhtml1/DTD/xhtml1-transitional.dtd">
<html xmlns="http://www.w3.org/1999/xhtml" xml:lang="en" lang="en">
 <head>
  <title>
</title>
<meta http-equiv="Content-Type" content="text/html;charset=utf-8" />
  <meta name='ocr-system' content='tesseract 3.04.00' />
  <meta name='ocr-capabilities' content='ocr_page ocr_carea ocr_par ocr_line ocrx_word'/>
</head>
<body>
  <div class='ocr_page' id='page_1' title='image "./sigismundiscacci00scac_0029.png"; bbox 0 0 2400 3939; ppageno 0'>
   <div class='ocr_carea' id='block_1_1' title="bbox 0 2721 29 3939">
    <p class='ocr_par' dir='ltr' id='par_1_1' title="bbox 0 2721 29 3939">
     <span class='ocr_line' id='line_1_1' title="bbox 0 2721 29 3939; baseline 0 0"><span class='ocrx_word' id='word_1_1' title='bbox 0 2721 29 3939; x_wconf 95' lang='lat' dir='ltr'> </span> 
     </span>
    </p>
   </div>
   <div class='ocr_carea' id='block_1_2' title="bbox 42 357 82 393">
    <p class='ocr_par' dir='ltr' id='par_1_2' title="bbox 42 357 82 393">
     <span class='ocr_line' id='line_1_2' title="bbox 42 357 82 393; baseline 0.075 -3"><span class='ocrx_word' id='word_1_2' title='bbox 42 357 82 393; x_wconf 83' lang='lat'>95</span> 
     </span>
    </p>
   </div>
   <div class='ocr_carea' id='block_1_3' title="bbox 882 239 1318 312">
    <p class='ocr_par' dir='ltr' id='par_1_3' title="bbox 882 239 1318 312">
     <span class='ocr_line' id='line_1_3' title="bbox 882 239 1318 312; baseline -0.002 -16"><span class='ocrx_word' id='word_1_3' title='bbox 882 241 928 309; x_wconf 80' lang='lat'>§.</span> <span class='ocrx_word' id='word_1_4' title='bbox 977 265 1018 296; x_wconf 87' lang='lat'>1.</span> <span class='ocrx_word' id='word_1_5' title='bbox 1055 239 1245 312; x_wconf 59' lang='lat' dir='ltr'>Qgaest.</span> <span class='ocrx_word' id='word_1_6' title='bbox 1286 243 1318 295; x_wconf 87' lang='grc' dir='ltr'>Ῐ.</span> 
     </span>
    </p>
   </div>
   <div class='ocr_carea' id='block_1_4' title="bbox 115 317 1066 808">
    <p class='ocr_par' dir='ltr' id='par_1_4' title="bbox 115 317 1066 808">
     <span class='ocr_line' id='line_1_4' title="bbox 167 317 1063 367; baseline -0.007 -7"><span class='ocrx_word' id='word_1_7' title='bbox 167 324 220 360; x_wconf 78' lang='lat' dir='ltr'>Ad</span> <span class='ocrx_word' id='word_1_8' title='bbox 259 319 557 367; x_wconf 72' lang='lat' dir='ltr'>comprobationem</span> <span class='ocrx_word' id='word_1_9' title='bbox 601 318 774 365; x_wconf 83' lang='lat' dir='ltr'>respondeo</span> <span class='ocrx_word' id='word_1_10' title='bbox 796 344 806 356; x_wconf 82' lang='lat'>‚</span> <span class='ocrx_word' id='word_1_11' title='bbox 861 317 1063 365; x_wconf 66' lang='lat' dir='ltr'>sponsionem</span> 
     </span>
     <span class='ocr_line' id='line_1_5' title="bbox 117 367 1065 422; baseline -0.007 -13"><span class='ocrx_word' id='word_1_12' title='bbox 117 373 175 410; x_wconf 81' lang='lat' dir='ltr'>effe</span> <span class='ocrx_word' id='word_1_13' title='bbox 187 373 319 422; x_wconf 87' lang='lat' dir='ltr'>quidem</span> <span class='ocrx_word' id='word_1_14' title='bbox 335 370 465 418; x_wconf 87' lang='lat' dir='ltr'>speciem</span> <span class='ocrx_word' id='word_1_15' title='bbox 483 369 564 407; x_wconf 76' lang='lat' dir='ltr'>lodi,</span> <span class='ocrx_word' id='word_1_16' title='bbox 579 367 628 402; x_wconf 77' lang='lat' dir='ltr'>sed</span> <span class='ocrx_word' id='word_1_17' title='bbox 645 369 710 402; x_wconf 88' lang='lat' dir='ltr'>ludi</span> <span class='ocrx_word' id='word_1_18' title='bbox 731 369 808 404; x_wconf 88' lang='lat' dir='ltr'>liciti</span> <span class='ocrx_word' id='word_1_19' title='bbox 824 390 834 406; x_wconf 77' lang='lat'>,</span> <span class='ocrx_word' id='word_1_20' title='bbox 853 372 885 402; x_wconf 70' lang='grc' dir='ltr'>δε</span> <span class='ocrx_word' id='word_1_21' title='bbox 900 370 958 402; x_wconf 81' lang='lat' dir='ltr'>elle</span> <span class='ocrx_word' id='word_1_22' title='bbox 971 368 1065 403; x_wconf 85' lang='lat' dir='ltr'>diffe-</span> 
     </span>
     <span class='ocr_line' id='line_1_6' title="bbox 116 418 1063 464; baseline -0.007 -5"><span class='ocrx_word' id='word_1_23' title='bbox 116 435 239 458; x_wconf 84' lang='lat' dir='ltr'>rentem</span> <span class='ocrx_word' id='word_1_24' title='bbox 252 422 272 455; x_wconf 72' lang='grc' dir='ltr'>ὲ</span> <span class='ocrx_word' id='word_1_25' title='bbox 287 421 365 455; x_wconf 89' lang='lat' dir='ltr'>ludo</span> <span class='ocrx_word' id='word_1_26' title='bbox 379 420 520 453; x_wconf 79' lang='lat' dir='ltr'>alearum</span> <span class='ocrx_word' id='word_1_27' title='bbox 537 443 547 457; x_wconf 94' lang='lat'>‚</span> <span class='ocrx_word' id='word_1_28' title='bbox 566 423 597 452; x_wconf 72' lang='grc' dir='ltr'>ὅ(</span> <span class='ocrx_word' id='word_1_29' title='bbox 626 418 811 453; x_wconf 84' lang='lat' dir='ltr'>taxillorum</span> <span class='ocrx_word' id='word_1_30' title='bbox 829 443 838 456; x_wconf 93' lang='lat'><strong><em>,</em></strong></span> <span class='ocrx_word' id='word_1_31' title='bbox 861 421 1014 464; x_wconf 86' lang='lat' dir='ltr'>quamvis</span> <span class='ocrx_word' id='word_1_32' title='bbox 1031 422 1063 452; x_wconf 86' lang='lat'>&amp;</span> 
     </span>
     <span class='ocr_line' id='line_1_7' title="bbox 115 467 1063 519; baseline -0.007 -12"><span class='ocrx_word' id='word_1_33' title='bbox 115 470 275 519; x_wconf 84' lang='lat' dir='ltr'>ipsa,sicut</span> <span class='ocrx_word' id='word_1_34' title='bbox 290 470 341 504; x_wconf 79' lang='lat' dir='ltr'>ille</span> <span class='ocrx_word' id='word_1_35' title='bbox 356 468 491 515; x_wconf 71' lang='lat' dir='ltr'>pendeat</span> <span class='ocrx_word' id='word_1_36' title='bbox 504 468 640 501; x_wconf 85' lang='lat' dir='ltr'>omnino</span> <span class='ocrx_word' id='word_1_37' title='bbox 651 467 692 501; x_wconf 89' lang='lat' dir='ltr'>ab</span> <span class='ocrx_word' id='word_1_38' title='bbox 706 479 824 501; x_wconf 82' lang='lat' dir='ltr'>eventu</span> <span class='ocrx_word' id='word_1_39' title='bbox 841 469 964 501; x_wconf 85' lang='lat' dir='ltr'>incerto</span> <span class='ocrx_word' id='word_1_40' title='bbox 978 494 988 506; x_wconf 88' lang='lat'>‚</span> <span class='ocrx_word' id='word_1_41' title='bbox 1006 472 1037 501; x_wconf 91' lang='lat'>&amp;</span> <span class='ocrx_word' id='word_1_42' title='bbox 1054 493 1063 505; x_wconf 84' lang='lat'><strong><em>,</em></strong></span> 
     </span>
     <span class='ocr_line' id='line_1_8' title="bbox 116 515 1066 558; baseline -0.004 -3"><span class='ocrx_word' id='word_1_43' title='bbox 116 532 153 556; x_wconf 85' lang='lat' dir='ltr'>ut</span> <span class='ocrx_word' id='word_1_44' title='bbox 167 523 273 558; x_wconf 82' lang='lat' dir='ltr'>aiunt,</span> <span class='ocrx_word' id='word_1_45' title='bbox 287 518 306 553; x_wconf 79' lang='grc' dir='ltr'>ὲ</span> <span class='ocrx_word' id='word_1_46' title='bbox 321 517 453 552; x_wconf 84' lang='lat' dir='ltr'>fortuna</span> <span class='ocrx_word' id='word_1_47' title='bbox 470 531 481 554; x_wconf 71' lang='grc' dir='ltr'><strong><em>ς</em></strong></span> <span class='ocrx_word' id='word_1_48' title='bbox 498 530 564 550; x_wconf 83' lang='lat' dir='ltr'>non</span> <span class='ocrx_word' id='word_1_49' title='bbox 594 515 739 551; x_wconf 89' lang='lat' dir='ltr'>ludentes</span> <span class='ocrx_word' id='word_1_50' title='bbox 775 529 842 550; x_wconf 89' lang='lat' dir='ltr'>non</span> <span class='ocrx_word' id='word_1_51' title='bbox 860 517 1066 551; x_wconf 63' lang='lat' dir='ltr'>recreationis</span> 
     </span>
     <span class='ocr_line' id='line_1_9' title="bbox 115 564 1063 612; baseline -0.007 -7"><span class='ocrx_word' id='word_1_52' title='bbox 115 567 222 607; x_wconf 86' lang='lat' dir='ltr'>causa,</span> <span class='ocrx_word' id='word_1_53' title='bbox 236 567 327 603; x_wconf 86' lang='lat' dir='ltr'>lucro</span> <span class='ocrx_word' id='word_1_54' title='bbox 341 565 482 601; x_wconf 86' lang='lat' dir='ltr'>absolute</span> <span class='ocrx_word' id='word_1_55' title='bbox 502 567 626 599; x_wconf 84' lang='lat' dir='ltr'>inhiant</span> <span class='ocrx_word' id='word_1_56' title='bbox 641 579 650 607; x_wconf 62' lang='grc' dir='ltr'><strong>ς</strong></span> <span class='ocrx_word' id='word_1_57' title='bbox 666 570 698 599; x_wconf 71' lang='grc' dir='ltr'>δι</span> <span class='ocrx_word' id='word_1_58' title='bbox 719 577 847 612; x_wconf 84' lang='lat' dir='ltr'>propter</span> <span class='ocrx_word' id='word_1_59' title='bbox 862 564 941 599; x_wconf 87' lang='lat' dir='ltr'>illud</span> <span class='ocrx_word' id='word_1_60' title='bbox 957 567 1063 612; x_wconf 83' lang='lat' dir='ltr'>praeci-</span> 
     </span>
     <span class='ocr_line' id='line_1_10' title="bbox 121 615 1063 666; baseline -0.005 -13"><span class='ocrx_word' id='word_1_61' title='bbox 121 618 185 666; x_wconf 73' lang='lat' dir='ltr'>pue</span> <span class='ocrx_word' id='word_1_62' title='bbox 199 618 316 652; x_wconf 89' lang='lat' dir='ltr'>ludunt</span> <span class='ocrx_word' id='word_1_63' title='bbox 335 618 432 652; x_wconf 80' lang='lat' dir='ltr'>:item</span> <span class='ocrx_word' id='word_1_64' title='bbox 452 616 571 648; x_wconf 87' lang='lat' dir='ltr'>incerta</span> <span class='ocrx_word' id='word_1_65' title='bbox 596 616 637 648; x_wconf 83' lang='lat' dir='ltr'>est</span> <span class='ocrx_word' id='word_1_66' title='bbox 656 615 822 662; x_wconf 83' lang='lat' dir='ltr'>quantitas</span> <span class='ocrx_word' id='word_1_67' title='bbox 838 638 848 654; x_wconf 92' lang='lat'><strong>,</strong></span> <span class='ocrx_word' id='word_1_68' title='bbox 872 628 972 658; x_wconf 86' lang='lat' dir='ltr'>quam</span> <span class='ocrx_word' id='word_1_69' title='bbox 988 615 1063 649; x_wconf 80' lang='lat' dir='ltr'>aleae</span> 
     </span>
     <span class='ocr_line' id='line_1_11' title="bbox 118 662 1062 712; baseline -0.006 -9"><span class='ocrx_word' id='word_1_70' title='bbox 118 669 331 702; x_wconf 87' lang='lat' dir='ltr'>committunt</span> <span class='ocrx_word' id='word_1_71' title='bbox 347 679 358 707; x_wconf 82' lang='lat'>3</span> <span class='ocrx_word' id='word_1_72' title='bbox 373 667 429 712; x_wconf 75' lang='lat' dir='ltr'>qui</span> <span class='ocrx_word' id='word_1_73' title='bbox 453 666 539 698; x_wconf 89' lang='lat' dir='ltr'>enim</span> <span class='ocrx_word' id='word_1_74' title='bbox 565 662 722 708; x_wconf 88' lang='lat' dir='ltr'>ejusmodi</span> <span class='ocrx_word' id='word_1_75' title='bbox 753 663 832 698; x_wconf 88' lang='lat' dir='ltr'>ludo</span> <span class='ocrx_word' id='word_1_76' title='bbox 862 663 967 710; x_wconf 86' lang='lat' dir='ltr'>perdit</span> <span class='ocrx_word' id='word_1_77' title='bbox 982 688 992 701; x_wconf 92' lang='lat'>,</span> <span class='ocrx_word' id='word_1_78' title='bbox 1027 675 1062 697; x_wconf 91' lang='lat' dir='ltr'>ut</span> 
     </span>
     <span class='ocr_line' id='line_1_12' title="bbox 119 710 1061 764; baseline -0.003 -13"><span class='ocrx_word' id='word_1_79' title='bbox 119 717 300 764; x_wconf 84' lang='lat' dir='ltr'>plurimum</span> <span class='ocrx_word' id='word_1_80' title='bbox 316 727 380 748; x_wconf 92' lang='lat' dir='ltr'>non</span> <span class='ocrx_word' id='word_1_81' title='bbox 395 712 438 748; x_wconf 88' lang='lat' dir='ltr'>sui</span> <span class='ocrx_word' id='word_1_82' title='bbox 458 714 537 759; x_wconf 74' lang='lat' dir='ltr'>juris</span> <span class='ocrx_word' id='word_1_83' title='bbox 553 710 693 748; x_wconf 86' lang='lat' dir='ltr'>efficitur</span> <span class='ocrx_word' id='word_1_84' title='bbox 710 739 718 751; x_wconf 89' lang='lat'><em>‚</em></span> <span class='ocrx_word' id='word_1_85' title='bbox 749 714 887 759; x_wconf 89' lang='lat' dir='ltr'>ideoque</span> <span class='ocrx_word' id='word_1_86' title='bbox 900 726 1002 759; x_wconf 87' lang='lat' dir='ltr'>quam</span> <span class='ocrx_word' id='word_1_87' title='bbox 1028 716 1061 748; x_wconf 82' lang='lat' dir='ltr'>iu</span> 
     </span>
     <span class='ocr_line' id='line_1_13' title="bbox 117 762 1061 808; baseline -0.006 -7"><span class='ocrx_word' id='word_1_88' title='bbox 117 767 229 800; x_wconf 88' lang='lat' dir='ltr'>animo</span> <span class='ocrx_word' id='word_1_89' title='bbox 244 764 397 801; x_wconf 87' lang='lat' dir='ltr'>decrevit,</span> <span class='ocrx_word' id='word_1_90' title='bbox 416 763 789 808; x_wconf 78' lang='lat' dir='ltr'>ludendo,quantitatem</span> <span class='ocrx_word' id='word_1_91' title='bbox 804 775 869 796; x_wconf 90' lang='lat' dir='ltr'>non</span> <span class='ocrx_word' id='word_1_92' title='bbox 885 762 1036 796; x_wconf 76' lang='lat' dir='ltr'>excedere</span> <span class='ocrx_word' id='word_1_93' title='bbox 1051 786 1061 800; x_wconf 91' lang='lat'>,</span> 
     </span>
    </p>
   </div>
   <div class='ocr_carea' id='block_1_5' title="bbox 62 812 1060 859">
    <p class='ocr_par' dir='ltr' id='par_1_5' title="bbox 62 812 1060 859">
     <span class='ocr_line' id='line_1_14' title="bbox 62 812 1060 859; baseline -0.007 -9"><span class='ocrx_word' id='word_1_94' title='bbox 62 815 68 821; x_wconf 84' lang='grc'><em>’</em></span> <span class='ocrx_word' id='word_1_95' title='bbox 116 816 172 850; x_wconf 84' lang='lat' dir='ltr'>vix</span> <span class='ocrx_word' id='word_1_96' title='bbox 185 814 343 848; x_wconf 78' lang='lat' dir='ltr'>contineri</span> <span class='ocrx_word' id='word_1_97' title='bbox 360 813 471 859; x_wconf 81' lang='lat' dir='ltr'>potest,</span> <span class='ocrx_word' id='word_1_98' title='bbox 489 814 570 858; x_wconf 85' lang='lat' dir='ltr'>quin</span> <span class='ocrx_word' id='word_1_99' title='bbox 585 824 656 845; x_wconf 84' lang='lat' dir='ltr'>eam</span> <span class='ocrx_word' id='word_1_100' title='bbox 670 812 800 845; x_wconf 81' lang='lat' dir='ltr'>excedat</span> <span class='ocrx_word' id='word_1_101' title='bbox 816 836 826 850; x_wconf 89' lang='lat'><strong>,</strong></span> <span class='ocrx_word' id='word_1_102' title='bbox 842 815 918 858; x_wconf 90' lang='lat' dir='ltr'>quia</span> <span class='ocrx_word' id='word_1_103' title='bbox 940 823 1009 844; x_wconf 85' lang='lat' dir='ltr'>tum</span> <span class='ocrx_word' id='word_1_104' title='bbox 1025 823 1060 844; x_wconf 86' lang='lat' dir='ltr'>a-</span> 
     </span>
    </p>
   </div>
   <div class='ocr_carea' id='block_1_6' title="bbox 117 858 1070 1646">
    <p class='ocr_par' dir='ltr' id='par_1_6' title="bbox 117 858 1070 1646">
     <span class='ocr_line' id='line_1_15' title="bbox 117 858 1062 908; baseline -0.007 -9"><span class='ocrx_word' id='word_1_105' title='bbox 117 861 243 899; x_wconf 82' lang='lat' dir='ltr'>missum</span> <span class='ocrx_word' id='word_1_106' title='bbox 256 862 463 908; x_wconf 81' lang='lat' dir='ltr'>recuperandi</span> <span class='ocrx_word' id='word_1_107' title='bbox 478 859 527 904; x_wconf 81' lang='lat' dir='ltr'>spe</span> <span class='ocrx_word' id='word_1_108' title='bbox 538 861 636 895; x_wconf 88' lang='lat' dir='ltr'>alitur</span> <span class='ocrx_word' id='word_1_109' title='bbox 649 886 659 899; x_wconf 97' lang='lat'>,</span> <span class='ocrx_word' id='word_1_110' title='bbox 684 863 725 894; x_wconf 80' lang='lat' dir='ltr'>ad</span> <span class='ocrx_word' id='word_1_111' title='bbox 741 861 854 895; x_wconf 83' lang='lat' dir='ltr'>ludum</span> <span class='ocrx_word' id='word_1_112' title='bbox 869 862 913 893; x_wconf 90' lang='lat' dir='ltr'>ita</span> <span class='ocrx_word' id='word_1_113' title='bbox 930 858 1062 893; x_wconf 85' lang='lat' dir='ltr'>inflam-</span> 
     </span>
     <span class='ocr_line' id='line_1_16' title="bbox 117 906 1060 955; baseline -0.006 -7"><span class='ocrx_word' id='word_1_114' title='bbox 117 924 239 952; x_wconf 87' lang='lat' dir='ltr'>matur,</span> <span class='ocrx_word' id='word_1_115' title='bbox 254 911 340 946; x_wconf 88' lang='lat' dir='ltr'>utab</span> <span class='ocrx_word' id='word_1_116' title='bbox 351 924 388 945; x_wconf 91' lang='lat' dir='ltr'>eo</span> <span class='ocrx_word' id='word_1_117' title='bbox 402 907 560 944; x_wconf 75' lang='lat' dir='ltr'>discedere</span> <span class='ocrx_word' id='word_1_118' title='bbox 575 923 639 943; x_wconf 90' lang='lat' dir='ltr'>non</span> <span class='ocrx_word' id='word_1_119' title='bbox 655 909 771 949; x_wconf 84' lang='lat' dir='ltr'>valeat,</span> <span class='ocrx_word' id='word_1_120' title='bbox 783 922 866 955; x_wconf 77' lang='lat' dir='ltr'>quin</span> <span class='ocrx_word' id='word_1_121' title='bbox 882 911 971 955; x_wconf 87' lang='lat' dir='ltr'>prius</span> <span class='ocrx_word' id='word_1_122' title='bbox 994 908 1013 942; x_wconf 74' lang='grc' dir='ltr'>ὲ</span> <span class='ocrx_word' id='word_1_123' title='bbox 1032 906 1060 942; x_wconf 92' lang='lat' dir='ltr'>se</span> 
     </span>
     <span class='ocr_line' id='line_1_17' title="bbox 118 955 1064 1010; baseline -0.005 -14"><span class='ocrx_word' id='word_1_124' title='bbox 118 964 258 1010; x_wconf 79' lang='lat' dir='ltr'>propriae</span> <span class='ocrx_word' id='word_1_125' title='bbox 270 958 460 994; x_wconf 74' lang='lat' dir='ltr'>discesserint</span> <span class='ocrx_word' id='word_1_126' title='bbox 476 958 653 993; x_wconf 67' lang='lat' dir='ltr'>substantiae</span> <span class='ocrx_word' id='word_1_127' title='bbox 671 958 817 1006; x_wconf 74' lang='lat' dir='ltr'>3hacque</span> <span class='ocrx_word' id='word_1_128' title='bbox 847 957 925 992; x_wconf 88' lang='lat' dir='ltr'>dum</span> <span class='ocrx_word' id='word_1_129' title='bbox 945 955 996 1004; x_wconf 90' lang='lat' dir='ltr'>spe</span> <span class='ocrx_word' id='word_1_130' title='bbox 1011 956 1064 992; x_wconf 82' lang='lat' dir='ltr'>lu-</span> 
     </span>
     <span class='ocr_line' id='line_1_18' title="bbox 118 1007 1063 1053; baseline -0.006 -7"><span class='ocrx_word' id='word_1_131' title='bbox 118 1012 207 1046; x_wconf 88' lang='lat' dir='ltr'>ditur</span> <span class='ocrx_word' id='word_1_132' title='bbox 220 1009 326 1045; x_wconf 73' lang='lat' dir='ltr'>fallaci</span> <span class='ocrx_word' id='word_1_133' title='bbox 344 1034 355 1049; x_wconf 94' lang='lat'>,</span> <span class='ocrx_word' id='word_1_134' title='bbox 378 1009 419 1042; x_wconf 88' lang='lat' dir='ltr'>ad</span> <span class='ocrx_word' id='word_1_135' title='bbox 434 1012 513 1043; x_wconf 81' lang='lat' dir='ltr'>iram</span> <span class='ocrx_word' id='word_1_136' title='bbox 529 1007 712 1042; x_wconf 81' lang='lat' dir='ltr'>accenditur</span> <span class='ocrx_word' id='word_1_137' title='bbox 729 1033 740 1048; x_wconf 89' lang='lat'>,</span> <span class='ocrx_word' id='word_1_138' title='bbox 763 1020 800 1042; x_wconf 86' lang='lat' dir='ltr'>ex</span> <span class='ocrx_word' id='word_1_139' title='bbox 817 1008 863 1040; x_wconf 92' lang='lat' dir='ltr'>ira</span> <span class='ocrx_word' id='word_1_140' title='bbox 874 1007 915 1040; x_wconf 80' lang='lat' dir='ltr'>ad</span> <span class='ocrx_word' id='word_1_141' title='bbox 929 1008 1063 1053; x_wconf 87' lang='lat' dir='ltr'>impiam</span> 
     </span>
     <span class='ocr_line' id='line_1_19' title="bbox 120 1053 1065 1107; baseline -0.008 -11"><span class='ocrx_word' id='word_1_142' title='bbox 120 1062 243 1107; x_wconf 75' lang='lat' dir='ltr'>rapitur</span> <span class='ocrx_word' id='word_1_143' title='bbox 258 1059 393 1097; x_wconf 79' lang='lat' dir='ltr'>rabiem,</span> <span class='ocrx_word' id='word_1_144' title='bbox 409 1071 446 1092; x_wconf 82' lang='lat' dir='ltr'>ex</span> <span class='ocrx_word' id='word_1_145' title='bbox 464 1057 548 1091; x_wconf 87' lang='lat' dir='ltr'>rabie</span> <span class='ocrx_word' id='word_1_146' title='bbox 562 1057 602 1091; x_wconf 87' lang='lat' dir='ltr'>ad</span> <span class='ocrx_word' id='word_1_147' title='bbox 616 1053 827 1103; x_wconf 79' lang='lat' dir='ltr'>blasphemias</span> <span class='ocrx_word' id='word_1_148' title='bbox 841 1069 849 1091; x_wconf 73' lang='grc' dir='ltr'><em>τ</em></span> <span class='ocrx_word' id='word_1_149' title='bbox 864 1069 938 1102; x_wconf 84' lang='lat' dir='ltr'>quae</span> <span class='ocrx_word' id='word_1_150' title='bbox 953 1057 1065 1090; x_wconf 85' lang='lat' dir='ltr'>omnia</span> 
     </span>
     <span class='ocr_line' id='line_1_20' title="bbox 123 1104 1064 1155; baseline -0.007 -10"><span class='ocrx_word' id='word_1_151' title='bbox 123 1109 238 1145; x_wconf 78' lang='lat' dir='ltr'>absunt</span> <span class='ocrx_word' id='word_1_152' title='bbox 263 1110 282 1143; x_wconf 61' lang='grc' dir='ltr'><strong>ἢ</strong></span> <span class='ocrx_word' id='word_1_153' title='bbox 300 1106 465 1155; x_wconf 85' lang='lat' dir='ltr'>sponsione</span> <span class='ocrx_word' id='word_1_154' title='bbox 482 1120 491 1147; x_wconf 68' lang='grc' dir='ltr'><strong><em>ς</em></strong></span> <span class='ocrx_word' id='word_1_155' title='bbox 506 1106 683 1153; x_wconf 77' lang='lat' dir='ltr'>plerunque</span> <span class='ocrx_word' id='word_1_156' title='bbox 706 1108 793 1140; x_wconf 84' lang='lat' dir='ltr'>enim</span> <span class='ocrx_word' id='word_1_157' title='bbox 819 1104 982 1151; x_wconf 83' lang='lat' dir='ltr'>sponsores</span> <span class='ocrx_word' id='word_1_158' title='bbox 998 1118 1064 1138; x_wconf 87' lang='lat' dir='ltr'>non</span> 
     </span>
     <span class='ocr_line' id='line_1_21' title="bbox 122 1153 1067 1206; baseline -0.004 -13"><span class='ocrx_word' id='word_1_159' title='bbox 122 1170 253 1206; x_wconf 82' lang='lat' dir='ltr'>propter</span> <span class='ocrx_word' id='word_1_160' title='bbox 266 1158 406 1195; x_wconf 86' lang='lat' dir='ltr'>lucrum,</span> <span class='ocrx_word' id='word_1_161' title='bbox 421 1154 471 1190; x_wconf 79' lang='lat' dir='ltr'>sed</span> <span class='ocrx_word' id='word_1_162' title='bbox 489 1166 616 1200; x_wconf 85' lang='lat' dir='ltr'>propter</span> <span class='ocrx_word' id='word_1_163' title='bbox 634 1154 722 1189; x_wconf 86' lang='lat' dir='ltr'>aliud</span> <span class='ocrx_word' id='word_1_164' title='bbox 735 1180 745 1193; x_wconf 93' lang='lat'>‚</span> <span class='ocrx_word' id='word_1_165' title='bbox 761 1154 852 1202; x_wconf 89' lang='lat' dir='ltr'>quod</span> <span class='ocrx_word' id='word_1_166' title='bbox 866 1153 1042 1189; x_wconf 81' lang='lat' dir='ltr'>desiderant</span> <span class='ocrx_word' id='word_1_167' title='bbox 1057 1180 1067 1192; x_wconf 91' lang='lat'><em>‚</em></span> 
     </span>
     <span class='ocr_line' id='line_1_22' title="bbox 123 1202 1067 1252; baseline -0.006 -9"><span class='ocrx_word' id='word_1_168' title='bbox 123 1206 426 1252; x_wconf 73' lang='lat' dir='ltr'>spondentmtputa,</span> <span class='ocrx_word' id='word_1_169' title='bbox 442 1206 515 1250; x_wconf 84' lang='lat' dir='ltr'>quis</span> <span class='ocrx_word' id='word_1_170' title='bbox 529 1218 568 1238; x_wconf 88' lang='lat' dir='ltr'>ex</span> <span class='ocrx_word' id='word_1_171' title='bbox 585 1217 683 1239; x_wconf 84' lang='lat' dir='ltr'>uxore</span> <span class='ocrx_word' id='word_1_172' title='bbox 699 1215 895 1252; x_wconf 67' lang='lat' dir='ltr'>praegnante,</span> <span class='ocrx_word' id='word_1_173' title='bbox 912 1202 1067 1238; x_wconf 83' lang='lat' dir='ltr'>defiderat</span> 
     </span>
     <span class='ocr_line' id='line_1_23' title="bbox 122 1251 1068 1300; baseline -0.006 -8"><span class='ocrx_word' id='word_1_174' title='bbox 122 1256 231 1293; x_wconf 75' lang='lat' dir='ltr'>filium·</span> <span class='ocrx_word' id='word_1_175' title='bbox 241 1253 417 1290; x_wconf 84' lang='lat' dir='ltr'>masculum</span> <span class='ocrx_word' id='word_1_176' title='bbox 432 1251 585 1299; x_wconf 89' lang='lat' dir='ltr'>suscipere</span> <span class='ocrx_word' id='word_1_177' title='bbox 602 1268 610 1294; x_wconf 71' lang='grc' dir='ltr'><strong>ς</strong></span> <span class='ocrx_word' id='word_1_178' title='bbox 627 1252 878 1300; x_wconf 85' lang='lat' dir='ltr'>spondet,quod</span> <span class='ocrx_word' id='word_1_179' title='bbox 893 1255 990 1300; x_wconf 90' lang='lat' dir='ltr'>pariet</span> <span class='ocrx_word' id='word_1_180' title='bbox 1007 1252 1068 1287; x_wconf 91' lang='lat' dir='ltr'>foe-·</span> 
     </span>
     <span class='ocr_line' id='line_1_24' title="bbox 124 1302 1066 1354; baseline -0.006 -13"><span class='ocrx_word' id='word_1_181' title='bbox 124 1306 296 1354; x_wconf 58' lang='lat' dir='ltr'>ruinam-,64</span> <span class='ocrx_word' id='word_1_182' title='bbox 313 1305 454 1347; x_wconf 84' lang='lat' dir='ltr'>concipit</span> <span class='ocrx_word' id='word_1_183' title='bbox 471 1305 602 1349; x_wconf 68' lang='lat' dir='ltr'>pastum</span> <span class='ocrx_word' id='word_1_184' title='bbox 622 1307 634 1348; x_wconf 93' lang='lat'>(</span> <span class='ocrx_word' id='word_1_185' title='bbox 649 1303 669 1337; x_wconf 86' lang='lat' dir='ltr'>fi</span> <span class='ocrx_word' id='word_1_186' title='bbox 686 1305 786 1349; x_wconf 83' lang='lat' dir='ltr'>pariet</span> <span class='ocrx_word' id='word_1_187' title='bbox 808 1302 991 1341; x_wconf 80' lang='lat' dir='ltr'>foeminam,</span> <span class='ocrx_word' id='word_1_188' title='bbox 1007 1303 1066 1336; x_wconf 91' lang='lat' dir='ltr'>da-</span> 
     </span>
     <span class='ocr_line' id='line_1_25' title="bbox 125 1350 1067 1401; baseline -0.006 -10"><span class='ocrx_word' id='word_1_189' title='bbox 125 1355 175 1391; x_wconf 87' lang='lat' dir='ltr'>bis</span> <span class='ocrx_word' id='word_1_190' title='bbox 188 1353 269 1390; x_wconf 79' lang='lat' dir='ltr'>mihi</span> <span class='ocrx_word' id='word_1_191' title='bbox 283 1354 534 1401; x_wconf 84' lang='lat' dir='ltr'>quinquaginta,</span> <span class='ocrx_word' id='word_1_192' title='bbox 549 1350 598 1386; x_wconf 88' lang='lat' dir='ltr'>seu</span> <span class='ocrx_word' id='word_1_193' title='bbox 617 1350 765 1388; x_wconf 67' lang='lat' dir='ltr'>decemffi</span> <span class='ocrx_word' id='word_1_194' title='bbox 780 1350 971 1390; x_wconf 83' lang='lat' dir='ltr'>masculum,</span> <span class='ocrx_word' id='word_1_195' title='bbox 981 1351 1067 1385; x_wconf 88' lang='lat' dir='ltr'>dabo</span> 
     </span>
     <span class='ocr_line' id='line_1_26' title="bbox 124 1400 1070 1448; baseline -0.005 -9"><span class='ocrx_word' id='word_1_196' title='bbox 124 1403 185 1440; x_wconf 85' lang='lat' dir='ltr'>tibi</span> <span class='ocrx_word' id='word_1_197' title='bbox 197 1415 342 1442; x_wconf 85' lang='lat' dir='ltr'>centum,</span> <span class='ocrx_word' id='word_1_198' title='bbox 358 1402 407 1436; x_wconf 88' lang='lat' dir='ltr'>vel</span> <span class='ocrx_word' id='word_1_199' title='bbox 420 1402 528 1435; x_wconf 84' lang='lat' dir='ltr'>decem</span> <span class='ocrx_word' id='word_1_200' title='bbox 542 1402 554 1443; x_wconf 86' lang='lat'>)</span> <span class='ocrx_word' id='word_1_201' title='bbox 571 1400 662 1448; x_wconf 92' lang='lat' dir='ltr'>quod</span> <span class='ocrx_word' id='word_1_202' title='bbox 673 1401 855 1448; x_wconf 83' lang='lat' dir='ltr'>exemplum</span> <span class='ocrx_word' id='word_1_203' title='bbox 873 1402 966 1447; x_wconf 89' lang='lat' dir='ltr'>ponit</span> <span class='ocrx_word' id='word_1_204' title='bbox 992 1404 1070 1434; x_wconf 87' lang='lat' dir='ltr'>Cac-</span> 
     </span>
     <span class='ocr_line' id='line_1_27' title="bbox 123 1450 1069 1501; baseline -0.006 -12"><span class='ocrx_word' id='word_1_205' title='bbox 123 1450 496 1501; x_wconf 67' lang='lat' dir='ltr'>tialup.tra8i.delud.fi1b</span> <span class='ocrx_word' id='word_1_206' title='bbox 509 1464 538 1485; x_wconf 90' lang='lat' dir='ltr'>n.</span> <span class='ocrx_word' id='word_1_207' title='bbox 549 1464 564 1484; x_wconf 85' lang='lat'><em>2</em></span> <span class='ocrx_word' id='word_1_208' title='bbox 576 1453 639 1493; x_wconf 53' lang='grc' dir='ltr'>ὅλη</span> <span class='ocrx_word' id='word_1_209' title='bbox 656 1451 912 1498; x_wconf 52' lang='lat' dir='ltr'>&amp;caston-(fol.</span> <span class='ocrx_word' id='word_1_210' title='bbox 923 1463 933 1484; x_wconf 85' lang='lat' dir='ltr'>t</span> <span class='ocrx_word' id='word_1_211' title='bbox 944 1462 1069 1496; x_wconf 85' lang='lat' dir='ltr'>57.quo</span> 
     </span>
     <span class='ocr_line' id='line_1_28' title="bbox 125 1499 1070 1547; baseline -0.005 -10"><span class='ocrx_word' id='word_1_212' title='bbox 125 1501 199 1538; x_wconf 88' lang='lat' dir='ltr'>casu</span> <span class='ocrx_word' id='word_1_213' title='bbox 211 1499 402 1536; x_wconf 74' lang='lat' dir='ltr'>desiderabit</span> <span class='ocrx_word' id='word_1_214' title='bbox 415 1502 522 1547; x_wconf 88' lang='lat' dir='ltr'>potius</span> <span class='ocrx_word' id='word_1_215' title='bbox 550 1499 678 1546; x_wconf 86' lang='lat' dir='ltr'>perdere</span> <span class='ocrx_word' id='word_1_216' title='bbox 695 1512 826 1534; x_wconf 87' lang='lat' dir='ltr'>centum</span> <span class='ocrx_word' id='word_1_217' title='bbox 845 1525 855 1539; x_wconf 92' lang='lat'>‚</span> <span class='ocrx_word' id='word_1_218' title='bbox 881 1512 981 1546; x_wconf 89' lang='lat' dir='ltr'>quam</span> <span class='ocrx_word' id='word_1_219' title='bbox 997 1502 1070 1533; x_wconf 88' lang='lat' dir='ltr'>vin-</span> 
     </span>
     <span class='ocr_line' id='line_1_29' title="bbox 125 1547 1065 1599; baseline -0.006 -12"><span class='ocrx_word' id='word_1_220' title='bbox 125 1549 195 1587; x_wconf 83' lang='lat' dir='ltr'>cere</span> <span class='ocrx_word' id='word_1_221' title='bbox 206 1551 470 1599; x_wconf 72' lang='lat' dir='ltr'>quinquaginta,</span> <span class='ocrx_word' id='word_1_222' title='bbox 491 1550 570 1596; x_wconf 88' lang='lat' dir='ltr'>quia</span> <span class='ocrx_word' id='word_1_223' title='bbox 591 1562 655 1583; x_wconf 91' lang='lat' dir='ltr'>non</span> <span class='ocrx_word' id='word_1_224' title='bbox 677 1559 805 1595; x_wconf 83' lang='lat' dir='ltr'>propter</span> <span class='ocrx_word' id='word_1_225' title='bbox 822 1549 946 1584; x_wconf 87' lang='lat' dir='ltr'>lucrum</span> <span class='ocrx_word' id='word_1_226' title='bbox 971 1547 1065 1594; x_wconf 86' lang='lat' dir='ltr'>spon-</span> 
     </span>
     <span class='ocr_line' id='line_1_30' title="bbox 126 1591 1069 1646; baseline -0.005 -10"><span class='ocrx_word' id='word_1_227' title='bbox 126 1601 205 1640; x_wconf 85' lang='lat' dir='ltr'>det,</span> <span class='ocrx_word' id='word_1_228' title='bbox 230 1598 283 1635; x_wconf 88' lang='lat' dir='ltr'>sed</span> <span class='ocrx_word' id='word_1_229' title='bbox 298 1611 427 1646; x_wconf 87' lang='lat' dir='ltr'>propter</span> <span class='ocrx_word' id='word_1_230' title='bbox 439 1591 632 1633; x_wconf 80' lang='lat' dir='ltr'>¹desiderium</span> <span class='ocrx_word' id='word_1_231' title='bbox 649 1596 836 1645; x_wconf 88' lang='lat' dir='ltr'>suscipiendi</span> <span class='ocrx_word' id='word_1_232' title='bbox 862 1597 965 1632; x_wconf 86' lang='lat' dir='ltr'>filium</span> <span class='ocrx_word' id='word_1_233' title='bbox 988 1596 1069 1632; x_wconf 87' lang='lat' dir='ltr'>mas-</span> 
     </span>
    </p>
   </div>
   <div class='ocr_carea' id='block_1_7' title="bbox 104 1646 1070 1700">
    <p class='ocr_par' dir='ltr' id='par_1_7' title="bbox 104 1646 1070 1700">
     <span class='ocr_line' id='line_1_31' title="bbox 104 1646 1070 1700; baseline -0.005 -15"><span class='ocrx_word' id='word_1_234' title='bbox 104 1678 107 1681; x_wconf 91' lang='lat'>.</span> <span class='ocrx_word' id='word_1_235' title='bbox 126 1650 239 1686; x_wconf 84' lang='lat' dir='ltr'>culum</span> <span class='ocrx_word' id='word_1_236' title='bbox 255 1662 264 1683; x_wconf 74' lang='grc' dir='ltr'><strong><em>ε</em></strong></span> <span class='ocrx_word' id='word_1_237' title='bbox 279 1649 420 1700; x_wconf 55' lang='lat' dir='ltr'>huicque</span> <span class='ocrx_word' id='word_1_238' title='bbox 434 1647 610 1693; x_wconf 72' lang='lat' dir='ltr'>sponsionis</span> <span class='ocrx_word' id='word_1_239' title='bbox 624 1646 722 1686; x_wconf 84' lang='lat' dir='ltr'>casui,</span> <span class='ocrx_word' id='word_1_240' title='bbox 735 1659 892 1695; x_wconf 87' lang='lat' dir='ltr'>tanquam</span> <span class='ocrx_word' id='word_1_241' title='bbox 909 1648 1044 1681; x_wconf 71' lang='lat' dir='ltr'>honestae</span> <span class='ocrx_word' id='word_1_242' title='bbox 1060 1672 1070 1688; x_wconf 89' lang='lat'>‚</span> 
     </span>
    </p>
   </div>
   <div class='ocr_carea' id='block_1_8' title="bbox 124 1695 1086 3615">
    <p class='ocr_par' dir='ltr' id='par_1_8' title="bbox 124 1695 1084 2977">
     <span class='ocr_line' id='line_1_32' title="bbox 126 1695 1067 1746; baseline -0.007 -11"><span class='ocrx_word' id='word_1_243' title='bbox 126 1699 302 1746; x_wconf 78' lang='lat' dir='ltr'>adoptatur</span> <span class='ocrx_word' id='word_1_244' title='bbox 330 1696 403 1733; x_wconf 86' lang='lat' dir='ltr'>satis</span> <span class='ocrx_word' id='word_1_245' title='bbox 428 1695 562 1732; x_wconf 78' lang='lat' dir='ltr'>usitatus</span> <span class='ocrx_word' id='word_1_246' title='bbox 592 1698 776 1731; x_wconf 66' lang='lat' dir='ltr'>contractus</span> <span class='ocrx_word' id='word_1_247' title='bbox 810 1697 983 1743; x_wconf 81' lang='lat' dir='ltr'>emptionis</span> <span class='ocrx_word' id='word_1_248' title='bbox 998 1722 1007 1734; x_wconf 96' lang='lat'><strong><em>,</em></strong></span> <span class='ocrx_word' id='word_1_249' title='bbox 1038 1700 1067 1728; x_wconf 65' lang='lat'>3&lt;</span> 
     </span>
     <span class='ocr_line' id='line_1_33' title="bbox 124 1744 1069 1795; baseline -0.003 -12"><span class='ocrx_word' id='word_1_250' title='bbox 124 1747 322 1784; x_wconf 64' lang='lat' dir='ltr'>venditionis</span> <span class='ocrx_word' id='word_1_251' title='bbox 335 1747 411 1795; x_wconf 88' lang='lat' dir='ltr'>equi</span> <span class='ocrx_word' id='word_1_252' title='bbox 428 1771 438 1785; x_wconf 86' lang='lat'><strong>,</strong></span> <span class='ocrx_word' id='word_1_253' title='bbox 464 1746 512 1781; x_wconf 87' lang='lat' dir='ltr'>vel</span> <span class='ocrx_word' id='word_1_254' title='bbox 528 1746 610 1795; x_wconf 87' lang='lat' dir='ltr'>qnid</span> <span class='ocrx_word' id='word_1_255' title='bbox 635 1744 743 1781; x_wconf 84' lang='lat' dir='ltr'>similis</span> <span class='ocrx_word' id='word_1_256' title='bbox 758 1772 768 1786; x_wconf 92' lang='lat'>,</span> <span class='ocrx_word' id='word_1_257' title='bbox 780 1758 839 1792; x_wconf 87' lang='lat' dir='ltr'>pro</span> <span class='ocrx_word' id='word_1_258' title='bbox 857 1746 958 1792; x_wconf 37' lang='lat' dir='ltr'>pierio</span> <span class='ocrx_word' id='word_1_259' title='bbox 972 1747 1069 1780; x_wconf 82' lang='lat' dir='ltr'>eiiam</span> 
     </span>
     <span class='ocr_line' id='line_1_34' title="bbox 124 1792 1070 1845; baseline -0.005 -11"><span class='ocrx_word' id='word_1_260' title='bbox 124 1797 224 1845; x_wconf 87' lang='lat' dir='ltr'>longe</span> <span class='ocrx_word' id='word_1_261' title='bbox 239 1797 324 1832; x_wconf 82' lang='lat' dir='ltr'>ultra</span> <span class='ocrx_word' id='word_1_262' title='bbox 337 1795 504 1831; x_wconf 85' lang='lat' dir='ltr'>dimidiam</span> <span class='ocrx_word' id='word_1_263' title='bbox 523 1797 594 1842; x_wconf 84' lang='lat' dir='ltr'>justi</span> <span class='ocrx_word' id='word_1_264' title='bbox 612 1797 701 1841; x_wconf 86' lang='lat' dir='ltr'>pretii</span> <span class='ocrx_word' id='word_1_265' title='bbox 717 1821 727 1834; x_wconf 92' lang='lat'>‚</span> <span class='ocrx_word' id='word_1_266' title='bbox 752 1794 805 1831; x_wconf 88' lang='lat' dir='ltr'>sed</span> <span class='ocrx_word' id='word_1_267' title='bbox 823 1808 991 1842; x_wconf 81' lang='lat' dir='ltr'>nunquam</span> <span class='ocrx_word' id='word_1_268' title='bbox 1009 1792 1032 1837; x_wconf 14' lang='lat' dir='ltr'>s?</span> <span class='ocrx_word' id='word_1_269' title='bbox 1045 1796 1070 1829; x_wconf 93' lang='lat' dir='ltr'>l-</span> 
     </span>
     <span class='ocr_line' id='line_1_35' title="bbox 125 1842 1070 1892; baseline -0.004 -10"><span class='ocrx_word' id='word_1_270' title='bbox 125 1846 235 1882; x_wconf 83' lang='lat' dir='ltr'>vendo</span> <span class='ocrx_word' id='word_1_271' title='bbox 252 1845 310 1881; x_wconf 86' lang='lat' dir='ltr'>nisi</span> <span class='ocrx_word' id='word_1_272' title='bbox 333 1845 523 1880; x_wconf 86' lang='lat' dir='ltr'>adveniente</span> <span class='ocrx_word' id='word_1_273' title='bbox 549 1846 659 1892; x_wconf 88' lang='lat' dir='ltr'>aliqua</span> <span class='ocrx_word' id='word_1_274' title='bbox 673 1845 882 1884; x_wconf 87' lang='lat' dir='ltr'>conditione,</span> <span class='ocrx_word' id='word_1_275' title='bbox 910 1856 945 1881; x_wconf 83' lang='lat' dir='ltr'>ut</span> <span class='ocrx_word' id='word_1_276' title='bbox 967 1842 1070 1890; x_wconf 79' lang='lat' dir='ltr'>scripsi</span> 
     </span>
     <span class='ocr_line' id='line_1_36' title="bbox 125 1892 1069 1942; baseline -0.006 -10"><span class='ocrx_word' id='word_1_277' title='bbox 125 1895 214 1932; x_wconf 83' lang='lat' dir='ltr'>infra</span> <span class='ocrx_word' id='word_1_278' title='bbox 226 1909 259 1932; x_wconf 89' lang='lat' dir='ltr'>n.</span> <span class='ocrx_word' id='word_1_279' title='bbox 275 1907 330 1939; x_wconf 89' lang='lat'>97.</span> <span class='ocrx_word' id='word_1_280' title='bbox 359 1898 391 1929; x_wconf 77' lang='grc' dir='ltr'>δι</span> <span class='ocrx_word' id='word_1_281' title='bbox 408 1895 542 1942; x_wconf 88' lang='lat' dir='ltr'>quando</span> <span class='ocrx_word' id='word_1_282' title='bbox 562 1892 725 1941; x_wconf 86' lang='lat' dir='ltr'>sponsores</span> <span class='ocrx_word' id='word_1_283' title='bbox 751 1897 914 1928; x_wconf 86' lang='lat' dir='ltr'>contrario</span> <span class='ocrx_word' id='word_1_284' title='bbox 934 1895 1069 1928; x_wconf 83' lang='lat' dir='ltr'>invicem</span> 
     </span>
     <span class='ocr_line' id='line_1_37' title="bbox 126 1942 1073 1991; baseline -0.005 -10"><span class='ocrx_word' id='word_1_285' title='bbox 126 1945 313 1981; x_wconf 81' lang='lat' dir='ltr'>detinentur</span> <span class='ocrx_word' id='word_1_286' title='bbox 327 1942 494 1984; x_wconf 72' lang='lat' dir='ltr'>desiderio,</span> <span class='ocrx_word' id='word_1_287' title='bbox 508 1942 645 1991; x_wconf 85' lang='lat' dir='ltr'>quilibet</span> <span class='ocrx_word' id='word_1_288' title='bbox 657 1943 789 1977; x_wconf 85' lang='lat' dir='ltr'>libenter</span> <span class='ocrx_word' id='word_1_289' title='bbox 815 1944 917 1990; x_wconf 84' lang='lat' dir='ltr'>perdit</span> <span class='ocrx_word' id='word_1_290' title='bbox 929 1969 938 1983; x_wconf 92' lang='lat'>,</span> <span class='ocrx_word' id='word_1_291' title='bbox 952 1954 987 1977; x_wconf 86' lang='lat' dir='ltr'>ut</span> <span class='ocrx_word' id='word_1_292' title='bbox 1013 1956 1073 1989; x_wconf 84' lang='lat' dir='ltr'>pu-</span> 
     </span>
     <span class='ocr_line' id='line_1_38' title="bbox 127 1991 1073 2042; baseline -0.005 -11"><span class='ocrx_word' id='word_1_293' title='bbox 127 2004 185 2031; x_wconf 87' lang='lat' dir='ltr'>ta:</span> <span class='ocrx_word' id='word_1_294' title='bbox 201 2007 262 2042; x_wconf 87' lang='lat' dir='ltr'>ego</span> <span class='ocrx_word' id='word_1_295' title='bbox 274 1993 431 2033; x_wconf 78' lang='lat' dir='ltr'>desidem,</span> <span class='ocrx_word' id='word_1_296' title='bbox 446 1994 537 2041; x_wconf 89' lang='lat' dir='ltr'>quod</span> <span class='ocrx_word' id='word_1_297' title='bbox 552 1993 637 2027; x_wconf 88' lang='lat' dir='ltr'>N.sit</span> <span class='ocrx_word' id='word_1_298' title='bbox 652 1995 741 2032; x_wconf 83' lang='lat' dir='ltr'>Dux,</span> <span class='ocrx_word' id='word_1_299' title='bbox 754 1995 832 2040; x_wconf 88' lang='lat' dir='ltr'>quia</span> <span class='ocrx_word' id='word_1_300' title='bbox 852 1992 941 2038; x_wconf 82' lang='lat' dir='ltr'>spero</span> <span class='ocrx_word' id='word_1_301' title='bbox 952 2015 961 2030; x_wconf 82' lang='lat'><strong>,</strong></span> <span class='ocrx_word' id='word_1_302' title='bbox 981 1991 1073 2039; x_wconf 84' lang='lat' dir='ltr'>quod</span> 
     </span>
     <span class='ocr_line' id='line_1_39' title="bbox 129 2041 1073 2090; baseline -0.005 -10"><span class='ocrx_word' id='word_1_303' title='bbox 129 2057 182 2080; x_wconf 83' lang='lat' dir='ltr'>me</span> <span class='ocrx_word' id='word_1_304' title='bbox 195 2042 385 2082; x_wconf 84' lang='lat' dir='ltr'>sublevabit,</span> <span class='ocrx_word' id='word_1_305' title='bbox 405 2046 433 2074; x_wconf 57' lang='grc' dir='ltr'>δέ</span> <span class='ocrx_word' id='word_1_306' title='bbox 452 2055 498 2081; x_wconf 89' lang='lat' dir='ltr'>tu,</span> <span class='ocrx_word' id='word_1_307' title='bbox 513 2042 607 2090; x_wconf 82' lang='lat' dir='ltr'>quc-d</span> <span class='ocrx_word' id='word_1_308' title='bbox 625 2056 690 2076; x_wconf 89' lang='lat' dir='ltr'>non</span> <span class='ocrx_word' id='word_1_309' title='bbox 705 2042 742 2077; x_wconf 85' lang='lat' dir='ltr'>sit</span> <span class='ocrx_word' id='word_1_310' title='bbox 756 2044 834 2089; x_wconf 91' lang='lat' dir='ltr'>quia</span> <span class='ocrx_word' id='word_1_311' title='bbox 853 2044 966 2081; x_wconf 79' lang='lat' dir='ltr'>times,</span> <span class='ocrx_word' id='word_1_312' title='bbox 981 2041 1073 2089; x_wconf 89' lang='lat' dir='ltr'>quod</span> 
     </span>
     <span class='ocr_line' id='line_1_40' title="bbox 129 2092 1073 2141; baseline -0.006 -12"><span class='ocrx_word' id='word_1_313' title='bbox 129 2105 162 2129; x_wconf 82' lang='lat' dir='ltr'>te</span> <span class='ocrx_word' id='word_1_314' title='bbox 177 2092 383 2141; x_wconf 86' lang='lat' dir='ltr'>persequetur</span> <span class='ocrx_word' id='word_1_315' title='bbox 401 2105 411 2125; x_wconf 78' lang='grc'>.·</span> <span class='ocrx_word' id='word_1_316' title='bbox 428 2092 499 2126; x_wconf 90' lang='lat' dir='ltr'>ideo</span> <span class='ocrx_word' id='word_1_317' title='bbox 512 2106 573 2140; x_wconf 78' lang='lat' dir='ltr'>ego</span> <span class='ocrx_word' id='word_1_318' title='bbox 586 2092 670 2130; x_wconf 82' lang='lat' dir='ltr'>dico,</span> <span class='ocrx_word' id='word_1_319' title='bbox 685 2093 777 2139; x_wconf 86' lang='lat' dir='ltr'>quod</span> <span class='ocrx_word' id='word_1_320' title='bbox 792 2105 855 2125; x_wconf 86' lang='lat' dir='ltr'>non</span> <span class='ocrx_word' id='word_1_321' title='bbox 870 2093 944 2130; x_wconf 84' lang='lat' dir='ltr'>erit,</span> <span class='ocrx_word' id='word_1_322' title='bbox 964 2096 995 2125; x_wconf 73' lang='grc' dir='ltr'>δι</span> <span class='ocrx_word' id='word_1_323' title='bbox 1010 2104 1042 2124; x_wconf 86' lang='lat' dir='ltr'>tu</span> <span class='ocrx_word' id='word_1_324' title='bbox 1064 2115 1073 2130; x_wconf 90' lang='lat'>,</span> 
     </span>
     <span class='ocr_line' id='line_1_41' title="bbox 128 2140 1074 2190; baseline -0.005 -12"><span class='ocrx_word' id='word_1_325' title='bbox 128 2142 220 2190; x_wconf 90' lang='lat' dir='ltr'>quod</span> <span class='ocrx_word' id='word_1_326' title='bbox 233 2144 292 2177; x_wconf 91' lang='lat' dir='ltr'>erit</span> <span class='ocrx_word' id='word_1_327' title='bbox 310 2141 522 2188; x_wconf 78' lang='lat' dir='ltr'>:spondemus</span> <span class='ocrx_word' id='word_1_328' title='bbox 537 2144 687 2180; x_wconf 86' lang='lat' dir='ltr'>invicem,</span> <span class='ocrx_word' id='word_1_329' title='bbox 703 2142 808 2188; x_wconf 88' lang='lat' dir='ltr'>utqui</span> <span class='ocrx_word' id='word_1_330' title='bbox 824 2142 965 2175; x_wconf 77' lang='lat' dir='ltr'>nostrum</span> <span class='ocrx_word' id='word_1_331' title='bbox 993 2153 1038 2173; x_wconf 85' lang='lat' dir='ltr'>vci</span> <span class='ocrx_word' id='word_1_332' title='bbox 1049 2140 1074 2171; x_wconf 87' lang='lat' dir='ltr'>i-</span> 
     </span>
     <span class='ocr_line' id='line_1_42' title="bbox 130 2187 1072 2236; baseline -0.005 -9"><span class='ocrx_word' id='word_1_333' title='bbox 130 2202 229 2228; x_wconf 82' lang='lat' dir='ltr'>tatem</span> <span class='ocrx_word' id='word_1_334' title='bbox 258 2191 374 2233; x_wconf 77' lang='lat' dir='ltr'>dixerit</span> <span class='ocrx_word' id='word_1_335' title='bbox 389 2215 399 2230; x_wconf 87' lang='lat'>,</span> <span class='ocrx_word' id='word_1_336' title='bbox 426 2190 542 2225; x_wconf 85' lang='lat' dir='ltr'>habeat</span> <span class='ocrx_word' id='word_1_337' title='bbox 571 2191 612 2224; x_wconf 89' lang='lat' dir='ltr'>ab</span> <span class='ocrx_word' id='word_1_338' title='bbox 629 2189 730 2224; x_wconf 87' lang='lat' dir='ltr'>altero</span> <span class='ocrx_word' id='word_1_339' title='bbox 755 2202 885 2225; x_wconf 85' lang='lat' dir='ltr'>centurn</span> <span class='ocrx_word' id='word_1_340' title='bbox 908 2203 972 2236; x_wconf 79' lang='lat' dir='ltr'>qua</span> <span class='ocrx_word' id='word_1_341' title='bbox 1002 2187 1072 2223; x_wconf 77' lang='lat' dir='ltr'>casn</span> 
     </span>
     <span class='ocr_line' id='line_1_43' title="bbox 127 2239 1075 2289; baseline -0.006 -13"><span class='ocrx_word' id='word_1_342' title='bbox 127 2241 268 2289; x_wconf 78' lang='lat' dir='ltr'>quisque</span> <span class='ocrx_word' id='word_1_343' title='bbox 281 2241 436 2279; x_wconf 86' lang='lat' dir='ltr'>nostrum,</span> <span class='ocrx_word' id='word_1_344' title='bbox 454 2239 616 2287; x_wconf 85' lang='lat' dir='ltr'>perdendo</span> <span class='ocrx_word' id='word_1_345' title='bbox 633 2242 732 2274; x_wconf 89' lang='lat' dir='ltr'>vincit</span> <span class='ocrx_word' id='word_1_346' title='bbox 749 2266 757 2278; x_wconf 91' lang='lat'>‚</span> <span class='ocrx_word' id='word_1_347' title='bbox 773 2241 851 2286; x_wconf 83' lang='lat' dir='ltr'>quia</span> <span class='ocrx_word' id='word_1_348' title='bbox 868 2239 1075 2283; x_wconf 61' lang='lat' dir='ltr'>consequitur</span> 
     </span>
     <span class='ocr_line' id='line_1_44' title="bbox 131 2288 1076 2336; baseline -0.007 -10"><span class='ocrx_word' id='word_1_349' title='bbox 131 2289 386 2329; x_wconf 76' lang='lat' dir='ltr'>defiderium,ac</span> <span class='ocrx_word' id='word_1_350' title='bbox 405 2291 540 2336; x_wconf 87' lang='lat' dir='ltr'>proinde</span> <span class='ocrx_word' id='word_1_351' title='bbox 556 2288 680 2334; x_wconf 78' lang='lat' dir='ltr'>sponsio</span> <span class='ocrx_word' id='word_1_352' title='bbox 698 2290 740 2322; x_wconf 82' lang='lat' dir='ltr'>est</span> <span class='ocrx_word' id='word_1_353' title='bbox 758 2289 855 2323; x_wconf 85' lang='lat' dir='ltr'>veluti</span> <span class='ocrx_word' id='word_1_354' title='bbox 869 2291 1046 2322; x_wconf 76' lang='lat' dir='ltr'>remedium</span> <span class='ocrx_word' id='word_1_355' title='bbox 1067 2302 1076 2327; x_wconf 72' lang='lat'>¹,</span> 
     </span>
     <span class='ocr_line' id='line_1_45' title="bbox 130 2336 1075 2385; baseline -0.005 -10"><span class='ocrx_word' id='word_1_356' title='bbox 130 2338 309 2375; x_wconf 68' lang='lat' dir='ltr'>consolatio</span> <span class='ocrx_word' id='word_1_357' title='bbox 326 2364 335 2377; x_wconf 86' lang='lat'><strong><em>‚</em></strong></span> <span class='ocrx_word' id='word_1_358' title='bbox 361 2342 393 2373; x_wconf 89' lang='lat'>&amp;</span> <span class='ocrx_word' id='word_1_359' title='bbox 412 2338 630 2384; x_wconf 78' lang='lat' dir='ltr'>compensatio</span> <span class='ocrx_word' id='word_1_360' title='bbox 644 2338 792 2385; x_wconf 58' lang='lat' dir='ltr'>quedam</span> <span class='ocrx_word' id='word_1_361' title='bbox 811 2351 884 2372; x_wconf 88' lang='lat' dir='ltr'>cum</span> <span class='ocrx_word' id='word_1_362' title='bbox 913 2337 983 2371; x_wconf 74' lang='lat' dir='ltr'>casn</span> <span class='ocrx_word' id='word_1_363' title='bbox 1002 2336 1075 2370; x_wconf 83' lang='lat' dir='ltr'>sini-</span> 
     </span>
     <span class='ocr_line' id='line_1_46' title="bbox 130 2386 1076 2433; baseline -0.006 -8"><span class='ocrx_word' id='word_1_364' title='bbox 130 2390 195 2425; x_wconf 80' lang='lat' dir='ltr'>stro</span> <span class='ocrx_word' id='word_1_365' title='bbox 213 2402 221 2425; x_wconf 92' lang='lat'><strong>:</strong></span> <span class='ocrx_word' id='word_1_366' title='bbox 238 2387 373 2423; x_wconf 84' lang='lat' dir='ltr'>ulterius</span> <span class='ocrx_word' id='word_1_367' title='bbox 387 2400 555 2433; x_wconf 80' lang='lat' dir='ltr'>nunquam</span> <span class='ocrx_word' id='word_1_368' title='bbox 570 2387 719 2423; x_wconf 73' lang='lat' dir='ltr'>lucri,sed</span> <span class='ocrx_word' id='word_1_369' title='bbox 735 2386 837 2421; x_wconf 86' lang='lat' dir='ltr'>solum</span> <span class='ocrx_word' id='word_1_370' title='bbox 854 2388 984 2421; x_wconf 81' lang='lat' dir='ltr'>virtutis</span> <span class='ocrx_word' id='word_1_371' title='bbox 997 2399 1076 2420; x_wconf 73' lang='lat' dir='ltr'>cau-</span> 
     </span>
     <span class='ocr_line' id='line_1_47' title="bbox 131 2434 1076 2485; baseline -0.005 -11"><span class='ocrx_word' id='word_1_372' title='bbox 131 2437 162 2474; x_wconf 84' lang='lat' dir='ltr'>sa</span> <span class='ocrx_word' id='word_1_373' title='bbox 177 2437 378 2473; x_wconf 65' lang='lat' dir='ltr'>ostendendae</span> <span class='ocrx_word' id='word_1_374' title='bbox 393 2437 517 2485; x_wconf 72' lang='lat' dir='ltr'>sponsio</span> <span class='ocrx_word' id='word_1_375' title='bbox 531 2438 656 2471; x_wconf 78' lang='lat' dir='ltr'>videtur</span> <span class='ocrx_word' id='word_1_376' title='bbox 674 2438 857 2471; x_wconf 57' lang='lat' dir='ltr'>introducta</span> <span class='ocrx_word' id='word_1_377' title='bbox 874 2451 884 2477; x_wconf 82' lang='lat'><em>3</em></span> <span class='ocrx_word' id='word_1_378' title='bbox 901 2450 974 2470; x_wconf 82' lang='lat' dir='ltr'>nam</span> <span class='ocrx_word' id='word_1_379' title='bbox 990 2434 1076 2479; x_wconf 85' lang='lat' dir='ltr'>quis-</span> 
     </span>
     <span class='ocr_line' id='line_1_48' title="bbox 131 2485 1076 2536; baseline -0.004 -14"><span class='ocrx_word' id='word_1_380' title='bbox 131 2500 197 2536; x_wconf 89' lang='lat' dir='ltr'>que</span> <span class='ocrx_word' id='word_1_381' title='bbox 211 2485 398 2534; x_wconf 82' lang='lat' dir='ltr'>sponsorum</span> <span class='ocrx_word' id='word_1_382' title='bbox 415 2487 581 2534; x_wconf 76' lang='lat' dir='ltr'>praetendit</span> <span class='ocrx_word' id='word_1_383' title='bbox 598 2487 760 2520; x_wconf 77' lang='lat' dir='ltr'>ostendere</span> <span class='ocrx_word' id='word_1_384' title='bbox 777 2512 787 2524; x_wconf 85' lang='lat'>‚</span> <span class='ocrx_word' id='word_1_385' title='bbox 811 2485 839 2520; x_wconf 91' lang='lat' dir='ltr'>se</span> <span class='ocrx_word' id='word_1_386' title='bbox 869 2485 969 2520; x_wconf 86' lang='lat' dir='ltr'>altero</span> <span class='ocrx_word' id='word_1_387' title='bbox 1000 2499 1076 2530; x_wconf 87' lang='lat' dir='ltr'>pru-</span> 
     </span>
     <span class='ocr_line' id='line_1_49' title="bbox 132 2532 1075 2577; baseline -0.005 -5"><span class='ocrx_word' id='word_1_388' title='bbox 132 2537 313 2575; x_wconf 81' lang='lat' dir='ltr'>dentiorem</span> <span class='ocrx_word' id='word_1_389' title='bbox 332 2561 342 2577; x_wconf 88' lang='lat'>,</span> <span class='ocrx_word' id='word_1_390' title='bbox 360 2548 397 2570; x_wconf 84' lang='lat' dir='ltr'>ae</span> <span class='ocrx_word' id='word_1_391' title='bbox 412 2549 517 2571; x_wconf 87' lang='lat' dir='ltr'>rerum</span> <span class='ocrx_word' id='word_1_392' title='bbox 531 2535 715 2571; x_wconf 87' lang='lat' dir='ltr'>futurarum</span> <span class='ocrx_word' id='word_1_393' title='bbox 733 2561 742 2574; x_wconf 92' lang='lat'>,</span> <span class='ocrx_word' id='word_1_394' title='bbox 767 2538 799 2568; x_wconf 67' lang='grc' dir='ltr'>ὅ(</span> <span class='ocrx_word' id='word_1_395' title='bbox 816 2532 1075 2569; x_wconf 75' lang='lat' dir='ltr'>absconditarum</span> 
     </span>
     <span class='ocr_line' id='line_1_50' title="bbox 133 2583 1077 2634; baseline -0.005 -12"><span class='ocrx_word' id='word_1_396' title='bbox 133 2585 335 2634; x_wconf 77' lang='lat' dir='ltr'>pr&#39;aevisorem</span> <span class='ocrx_word' id='word_1_397' title='bbox 353 2611 363 2625; x_wconf 86' lang='lat'><em>,</em></span> <span class='ocrx_word' id='word_1_398' title='bbox 387 2586 526 2632; x_wconf 87' lang='lat' dir='ltr'>ideoque</span> <span class='ocrx_word' id='word_1_399' title='bbox 547 2584 703 2631; x_wconf 88' lang='lat' dir='ltr'>spondent</span> <span class='ocrx_word' id='word_1_400' title='bbox 724 2600 731 2619; x_wconf 93' lang='lat'><strong>:</strong></span> <span class='ocrx_word' id='word_1_401' title='bbox 751 2587 830 2618; x_wconf 86' lang='lat' dir='ltr'>Item</span> <span class='ocrx_word' id='word_1_402' title='bbox 856 2586 920 2618; x_wconf 80' lang='lat' dir='ltr'>esto</span> <span class='ocrx_word' id='word_1_403' title='bbox 943 2609 951 2623; x_wconf 83' lang='lat'>,</span> <span class='ocrx_word' id='word_1_404' title='bbox 986 2583 1077 2631; x_wconf 83' lang='lat' dir='ltr'>quod</span> 
     </span>
     <span class='ocr_line' id='line_1_51' title="bbox 135 2633 1078 2683; baseline -0.006 -12"><span class='ocrx_word' id='word_1_405' title='bbox 135 2635 327 2683; x_wconf 88' lang='lat' dir='ltr'>sponderent</span> <span class='ocrx_word' id='word_1_406' title='bbox 347 2646 475 2682; x_wconf 85' lang='lat' dir='ltr'>propter</span> <span class='ocrx_word' id='word_1_407' title='bbox 490 2635 615 2669; x_wconf 85' lang='lat' dir='ltr'>lucrum</span> <span class='ocrx_word' id='word_1_408' title='bbox 635 2654 643 2672; x_wconf 90' lang='lat'>,·</span> <span class='ocrx_word' id='word_1_409' title='bbox 665 2646 772 2668; x_wconf 80' lang='lat' dir='ltr'>tamen</span> <span class='ocrx_word' id='word_1_410' title='bbox 793 2645 878 2668; x_wconf 85' lang='lat' dir='ltr'>certa</span> <span class='ocrx_word' id='word_1_411' title='bbox 891 2634 932 2668; x_wconf 85' lang='lat' dir='ltr'>est</span> <span class='ocrx_word' id='word_1_412' title='bbox 947 2633 1078 2679; x_wconf 86' lang='lat' dir='ltr'>quanti-</span> 
     </span>
     <span class='ocr_line' id='line_1_52' title="bbox 136 2682 1080 2732; baseline -0.006 -12"><span class='ocrx_word' id='word_1_413' title='bbox 136 2693 201 2725; x_wconf 79' lang='lat' dir='ltr'>tas,</span> <span class='ocrx_word' id='word_1_414' title='bbox 211 2697 279 2732; x_wconf 88' lang='lat' dir='ltr'>qua</span> <span class='ocrx_word' id='word_1_415' title='bbox 296 2685 496 2719; x_wconf 88' lang='lat' dir='ltr'>contendunt</span> <span class='ocrx_word' id='word_1_416' title='bbox 514 2709 524 2723; x_wconf 91' lang='lat'>,</span> <span class='ocrx_word' id='word_1_417' title='bbox 551 2686 582 2718; x_wconf 87' lang='lat' dir='ltr'>in</span> <span class='ocrx_word' id='word_1_418' title='bbox 600 2695 701 2731; x_wconf 83' lang='lat' dir='ltr'>eaque</span> <span class='ocrx_word' id='word_1_419' title='bbox 718 2683 946 2717; x_wconf 82' lang='lat' dir='ltr'>contendentes</span> <span class='ocrx_word' id='word_1_420' title='bbox 966 2682 1009 2716; x_wconf 85' lang='lat' dir='ltr'>sui</span> <span class='ocrx_word' id='word_1_421' title='bbox 1028 2684 1080 2727; x_wconf 81' lang='lat' dir='ltr'>ju-</span> 
     </span>
     <span class='ocr_line' id='line_1_53' title="bbox 137 2730 1081 2780; baseline -0.003 -12"><span class='ocrx_word' id='word_1_422' title='bbox 137 2735 181 2769; x_wconf 80' lang='lat' dir='ltr'>ris</span> <span class='ocrx_word' id='word_1_423' title='bbox 194 2731 268 2768; x_wconf 90' lang='lat' dir='ltr'>sunt</span> <span class='ocrx_word' id='word_1_424' title='bbox 281 2754 293 2774; x_wconf 64' lang='lat'><em>9</em></span> <span class='ocrx_word' id='word_1_425' title='bbox 321 2735 352 2766; x_wconf 85' lang='lat'>&amp;</span> <span class='ocrx_word' id='word_1_426' title='bbox 368 2733 408 2767; x_wconf 92' lang='lat' dir='ltr'>ad</span> <span class='ocrx_word' id='word_1_427' title='bbox 424 2738 580 2778; x_wconf 82' lang='lat' dir='ltr'>majorem</span> <span class='ocrx_word' id='word_1_428' title='bbox 597 2734 814 2780; x_wconf 85' lang='lat' dir='ltr'>quantitatem</span> <span class='ocrx_word' id='word_1_429' title='bbox 830 2730 934 2766; x_wconf 87' lang='lat' dir='ltr'>fallaci</span> <span class='ocrx_word' id='word_1_430' title='bbox 949 2730 1000 2777; x_wconf 86' lang='lat' dir='ltr'>spe</span> <span class='ocrx_word' id='word_1_431' title='bbox 1016 2744 1081 2765; x_wconf 89' lang='lat' dir='ltr'>non</span> 
     </span>
     <span class='ocr_line' id='line_1_54' title="bbox 137 2777 1084 2829; baseline -0.004 -10"><span class='ocrx_word' id='word_1_432' title='bbox 137 2777 398 2822; x_wconf 74' lang='lat' dir='ltr'>alliciuntut‚&amp;‚</span> <span class='ocrx_word' id='word_1_433' title='bbox 417 2795 481 2817; x_wconf 89' lang='lat' dir='ltr'>una</span> <span class='ocrx_word' id='word_1_434' title='bbox 495 2782 597 2818; x_wconf 82' lang='lat' dir='ltr'>soluta</span> <span class='ocrx_word' id='word_1_435' title='bbox 614 2780 794 2829; x_wconf 77' lang='lat' dir='ltr'>sponsione,</span> <span class='ocrx_word' id='word_1_436' title='bbox 811 2781 871 2815; x_wconf 84' lang='lat' dir='ltr'>alia</span> <span class='ocrx_word' id='word_1_437' title='bbox 894 2783 926 2814; x_wconf 90' lang='lat' dir='ltr'>in</span> <span class='ocrx_word' id='word_1_438' title='bbox 946 2781 999 2814; x_wconf 91' lang='lat' dir='ltr'>illo</span> <span class='ocrx_word' id='word_1_439' title='bbox 1015 2782 1084 2815; x_wconf 89' lang='lat' dir='ltr'>ani-</span> 
     </span>
     <span class='ocr_line' id='line_1_55' title="bbox 138 2830 1081 2879; baseline -0.005 -11"><span class='ocrx_word' id='word_1_440' title='bbox 138 2833 184 2868; x_wconf 88' lang='lat' dir='ltr'>mi</span> <span class='ocrx_word' id='word_1_441' title='bbox 198 2831 307 2867; x_wconf 82' lang='lat' dir='ltr'>calore</span> <span class='ocrx_word' id='word_1_442' title='bbox 322 2845 386 2865; x_wconf 89' lang='lat' dir='ltr'>non</span> <span class='ocrx_word' id='word_1_443' title='bbox 404 2833 446 2867; x_wconf 87' lang='lat' dir='ltr'>est</span> <span class='ocrx_word' id='word_1_444' title='bbox 459 2844 606 2879; x_wconf 85' lang='lat' dir='ltr'>prompta</span> <span class='ocrx_word' id='word_1_445' title='bbox 622 2845 630 2866; x_wconf 90' lang='lat'>:</span> <span class='ocrx_word' id='word_1_446' title='bbox 650 2844 750 2879; x_wconf 83' lang='lat' dir='ltr'>quare</span> <span class='ocrx_word' id='word_1_447' title='bbox 766 2830 880 2865; x_wconf 87' lang='lat' dir='ltr'>ludum</span> <span class='ocrx_word' id='word_1_448' title='bbox 899 2830 1081 2864; x_wconf 77' lang='lat' dir='ltr'>taxillorum</span> 
     </span>
     <span class='ocr_line' id='line_1_56' title="bbox 137 2877 1084 2929; baseline -0.002 -14"><span class='ocrx_word' id='word_1_449' title='bbox 137 2877 195 2916; x_wconf 80' lang='lat' dir='ltr'>esse</span> <span class='ocrx_word' id='word_1_450' title='bbox 213 2880 412 2929; x_wconf 87' lang='lat' dir='ltr'>prohibitum</span> <span class='ocrx_word' id='word_1_451' title='bbox 432 2907 442 2921; x_wconf 92' lang='lat'>‚</span> <span class='ocrx_word' id='word_1_452' title='bbox 465 2885 498 2915; x_wconf 67' lang='grc' dir='ltr'>ὅ(</span> <span class='ocrx_word' id='word_1_453' title='bbox 536 2880 736 2928; x_wconf 85' lang='lat' dir='ltr'>sponsionem</span> <span class='ocrx_word' id='word_1_454' title='bbox 768 2878 945 2926; x_wconf 80' lang='lat' dir='ltr'>permiffam</span> <span class='ocrx_word' id='word_1_455' title='bbox 977 2879 1084 2914; x_wconf 79' lang='lat' dir='ltr'>scribit</span> 
     </span>
     <span class='ocr_line' id='line_1_57' title="bbox 140 2928 898 2977; baseline -0.004 -12"><span class='ocrx_word' id='word_1_456' title='bbox 140 2933 218 2965; x_wconf 84' lang='lat' dir='ltr'>Dec.</span> <span class='ocrx_word' id='word_1_457' title='bbox 228 2931 303 2977; x_wconf 71' lang='lat' dir='ltr'>confi</span> <span class='ocrx_word' id='word_1_458' title='bbox 312 2943 320 2964; x_wconf 85' lang='lat' dir='ltr'>i</span> <span class='ocrx_word' id='word_1_459' title='bbox 335 2944 345 2964; x_wconf 87' lang='lat' dir='ltr'>i</span> <span class='ocrx_word' id='word_1_460' title='bbox 358 2931 445 2977; x_wconf 77' lang='lat' dir='ltr'>5·fhd</span> <span class='ocrx_word' id='word_1_461' title='bbox 457 2945 476 2965; x_wconf 87' lang='lat' dir='ltr'>n</span> <span class='ocrx_word' id='word_1_462' title='bbox 492 2943 510 2970; x_wconf 79' lang='grc'><strong>4</strong></span> <span class='ocrx_word' id='word_1_463' title='bbox 520 2930 582 2969; x_wconf 63' lang='lat' dir='ltr'>Abi,</span> <span class='ocrx_word' id='word_1_464' title='bbox 589 2929 717 2976; x_wconf 58' lang='lat' dir='ltr'>secundo</span> <span class='ocrx_word' id='word_1_465' title='bbox 728 2941 784 2963; x_wconf 86' lang='lat' dir='ltr'>non</span> <span class='ocrx_word' id='word_1_466' title='bbox 797 2928 898 2972; x_wconf 73' lang='lat' dir='ltr'>obstat.</span> 
     </span>
    </p>

    <p class='ocr_par' dir='ltr' id='par_1_9' title="bbox 138 2976 1086 3407">
     <span class='ocr_line' id='line_1_58' title="bbox 189 2976 1085 3026; baseline -0.002 -12"><span class='ocrx_word' id='word_1_467' title='bbox 189 2977 243 3014; x_wconf 79' lang='lat' dir='ltr'>Ad</span> <span class='ocrx_word' id='word_1_468' title='bbox 259 2979 293 3013; x_wconf 87' lang='lat' dir='ltr'>id</span> <span class='ocrx_word' id='word_1_469' title='bbox 310 3003 320 3019; x_wconf 85' lang='lat'>‚</span> <span class='ocrx_word' id='word_1_470' title='bbox 346 2979 437 3026; x_wconf 86' lang='lat' dir='ltr'>quod</span> <span class='ocrx_word' id='word_1_471' title='bbox 451 2979 650 3019; x_wconf 81' lang='lat' dir='ltr'>dicebamus,</span> <span class='ocrx_word' id='word_1_472' title='bbox 666 2978 758 3026; x_wconf 84' lang='lat' dir='ltr'>quod</span> <span class='ocrx_word' id='word_1_473' title='bbox 778 2977 799 3012; x_wconf 90' lang='lat' dir='ltr'>si</span> <span class='ocrx_word' id='word_1_474' title='bbox 816 2978 889 3012; x_wconf 82' lang='lat' dir='ltr'>aleae</span> <span class='ocrx_word' id='word_1_475' title='bbox 905 2976 1000 3013; x_wconf 83' lang='lat' dir='ltr'>ludus</span> <span class='ocrx_word' id='word_1_476' title='bbox 1019 2990 1085 3012; x_wconf 88' lang='lat' dir='ltr'>non</span> 
     </span>
     <span class='ocr_line' id='line_1_59' title="bbox 138 3025 1085 3076; baseline -0.002 -13"><span class='ocrx_word' id='word_1_477' title='bbox 138 3027 210 3063; x_wconf 74' lang='lat' dir='ltr'>esset</span> <span class='ocrx_word' id='word_1_478' title='bbox 227 3027 327 3068; x_wconf 84' lang='lat' dir='ltr'>idem,</span> <span class='ocrx_word' id='word_1_479' title='bbox 341 3029 432 3076; x_wconf 88' lang='lat' dir='ltr'>qnod</span> <span class='ocrx_word' id='word_1_480' title='bbox 450 3028 588 3075; x_wconf 79' lang='lat' dir='ltr'>sponsio,</span> <span class='ocrx_word' id='word_1_481' title='bbox 602 3025 697 3075; x_wconf 71' lang='lat' dir='ltr'>pnslet</span> <span class='ocrx_word' id='word_1_482' title='bbox 713 3027 826 3062; x_wconf 80' lang='lat' dir='ltr'>ludens</span> <span class='ocrx_word' id='word_1_483' title='bbox 842 3026 958 3061; x_wconf 80' lang='lat' dir='ltr'>taxillis</span> <span class='ocrx_word' id='word_1_484' title='bbox 972 3052 981 3064; x_wconf 84' lang='lat'>‚</span> <span class='ocrx_word' id='word_1_485' title='bbox 995 3025 1085 3061; x_wconf 77' lang='lat' dir='ltr'>frau-</span> 
     </span>
     <span class='ocr_line' id='line_1_60' title="bbox 139 3074 1085 3125; baseline -0.003 -13"><span class='ocrx_word' id='word_1_486' title='bbox 139 3077 250 3112; x_wconf 88' lang='lat' dir='ltr'>dando</span> <span class='ocrx_word' id='word_1_487' title='bbox 263 3077 365 3125; x_wconf 82' lang='lat' dir='ltr'>legem</span> <span class='ocrx_word' id='word_1_488' title='bbox 379 3099 388 3115; x_wconf 59' lang='lat'><em>2</em></span> <span class='ocrx_word' id='word_1_489' title='bbox 408 3077 510 3125; x_wconf 81' lang='lat' dir='ltr'>facere</span> <span class='ocrx_word' id='word_1_490' title='bbox 526 3076 729 3125; x_wconf 85' lang='lat' dir='ltr'>sponsionem</span> <span class='ocrx_word' id='word_1_491' title='bbox 748 3102 758 3115; x_wconf 92' lang='lat'>‚</span> <span class='ocrx_word' id='word_1_492' title='bbox 778 3089 814 3111; x_wconf 86' lang='lat' dir='ltr'>ut</span> <span class='ocrx_word' id='word_1_493' title='bbox 832 3077 890 3123; x_wconf 89' lang='lat' dir='ltr'>qui</span> <span class='ocrx_word' id='word_1_494' title='bbox 922 3074 1013 3122; x_wconf 88' lang='lat' dir='ltr'>plura</span> <span class='ocrx_word' id='word_1_495' title='bbox 1034 3075 1085 3110; x_wconf 85' lang='lat' dir='ltr'>fa-</span> 
     </span>
     <span class='ocr_line' id='line_1_61' title="bbox 138 3122 1085 3173; baseline -0.005 -11"><span class='ocrx_word' id='word_1_496' title='bbox 138 3128 201 3162; x_wconf 91' lang='lat' dir='ltr'>ciet</span> <span class='ocrx_word' id='word_1_497' title='bbox 216 3129 336 3173; x_wconf 59' lang='lat' dir='ltr'>punita</span> <span class='ocrx_word' id='word_1_498' title='bbox 353 3125 466 3162; x_wconf 83' lang='lat' dir='ltr'>habeat</span> <span class='ocrx_word' id='word_1_499' title='bbox 478 3127 519 3161; x_wconf 86' lang='lat' dir='ltr'>ab</span> <span class='ocrx_word' id='word_1_500' title='bbox 533 3127 635 3162; x_wconf 86' lang='lat' dir='ltr'>altero</span> <span class='ocrx_word' id='word_1_501' title='bbox 651 3138 699 3161; x_wconf 88' lang='lat' dir='ltr'>tot</span> <span class='ocrx_word' id='word_1_502' title='bbox 718 3140 726 3161; x_wconf 75' lang='lat' dir='ltr'><em>z</em></span> <span class='ocrx_word' id='word_1_503' title='bbox 741 3124 1021 3172; x_wconf 86' lang='lat' dir='ltr'>respondeo‚qnod</span> <span class='ocrx_word' id='word_1_504' title='bbox 1038 3122 1085 3158; x_wconf 85' lang='lat' dir='ltr'>es-</span> 
     </span>
     <span class='ocr_line' id='line_1_62' title="bbox 139 3172 1086 3223; baseline -0.003 -12"><span class='ocrx_word' id='word_1_505' title='bbox 139 3176 182 3211; x_wconf 89' lang='lat' dir='ltr'>set</span> <span class='ocrx_word' id='word_1_506' title='bbox 198 3173 325 3223; x_wconf 88' lang='lat' dir='ltr'>sponsio</span> <span class='ocrx_word' id='word_1_507' title='bbox 341 3178 374 3210; x_wconf 91' lang='lat' dir='ltr'>in</span> <span class='ocrx_word' id='word_1_508' title='bbox 391 3176 508 3216; x_wconf 86' lang='lat' dir='ltr'>verbis,</span> <span class='ocrx_word' id='word_1_509' title='bbox 525 3176 574 3211; x_wconf 88' lang='lat' dir='ltr'>sed</span> <span class='ocrx_word' id='word_1_510' title='bbox 592 3179 624 3210; x_wconf 88' lang='lat' dir='ltr'>in</span> <span class='ocrx_word' id='word_1_511' title='bbox 643 3185 688 3215; x_wconf 87' lang='lat' dir='ltr'>re,</span> <span class='ocrx_word' id='word_1_512' title='bbox 703 3188 776 3222; x_wconf 83' lang='lat' dir='ltr'>quae</span> <span class='ocrx_word' id='word_1_513' title='bbox 789 3175 968 3209; x_wconf 85' lang='lat' dir='ltr'>attenditur</span> <span class='ocrx_word' id='word_1_514' title='bbox 981 3199 991 3213; x_wconf 86' lang='lat'><strong>,</strong></span> <span class='ocrx_word' id='word_1_515' title='bbox 1013 3172 1086 3208; x_wconf 69' lang='lat' dir='ltr'>esset</span> 
     </span>
     <span class='ocr_line' id='line_1_63' title="bbox 138 3223 1085 3273; baseline -0.004 -13"><span class='ocrx_word' id='word_1_516' title='bbox 138 3225 238 3261; x_wconf 81' lang='lat' dir='ltr'>ludus</span> <span class='ocrx_word' id='word_1_517' title='bbox 251 3224 452 3263; x_wconf 86' lang='lat' dir='ltr'>taxillorum,</span> <span class='ocrx_word' id='word_1_518' title='bbox 464 3228 520 3273; x_wconf 87' lang='lat' dir='ltr'>qui</span> <span class='ocrx_word' id='word_1_519' title='bbox 536 3227 575 3259; x_wconf 87' lang='lat' dir='ltr'>est</span> <span class='ocrx_word' id='word_1_520' title='bbox 592 3224 772 3271; x_wconf 85' lang='lat' dir='ltr'>prohibitus</span> <span class='ocrx_word' id='word_1_521' title='bbox 788 3245 799 3264; x_wconf 90' lang='lat'>,-</span> <span class='ocrx_word' id='word_1_522' title='bbox 812 3234 846 3258; x_wconf 84' lang='lat' dir='ltr'>ut</span> <span class='ocrx_word' id='word_1_523' title='bbox 862 3224 973 3258; x_wconf 69' lang='lat' dir='ltr'>ibidem</span> <span class='ocrx_word' id='word_1_524' title='bbox 989 3223 1059 3257; x_wconf 80' lang='lat' dir='ltr'>dixi</span> <span class='ocrx_word' id='word_1_525' title='bbox 1073 3237 1085 3260; x_wconf 79' lang='lat'>‚-</span> 
     </span>
     <span class='ocr_line' id='line_1_64' title="bbox 138 3271 1086 3321; baseline -0.003 -12"><span class='ocrx_word' id='word_1_526' title='bbox 138 3287 242 3321; x_wconf 88' lang='lat' dir='ltr'>quare</span> <span class='ocrx_word' id='word_1_527' title='bbox 256 3274 415 3309; x_wconf 86' lang='lat' dir='ltr'>militante</span> <span class='ocrx_word' id='word_1_528' title='bbox 433 3274 555 3308; x_wconf 76' lang='lat' dir='ltr'>diversa</span> <span class='ocrx_word' id='word_1_529' title='bbox 575 3278 700 3308; x_wconf 81' lang='lat' dir='ltr'>ratione</span> <span class='ocrx_word' id='word_1_530' title='bbox 715 3276 795 3308; x_wconf 89' lang='lat' dir='ltr'>inter</span> <span class='ocrx_word' id='word_1_531' title='bbox 809 3272 923 3308; x_wconf 83' lang='lat' dir='ltr'>ludum</span> <span class='ocrx_word' id='word_1_532' title='bbox 941 3275 975 3306; x_wconf 89' lang='lat'>&amp;</span> <span class='ocrx_word' id='word_1_533' title='bbox 990 3271 1086 3318; x_wconf 85' lang='lat' dir='ltr'>spon-</span> 
     </span>
     <span class='ocr_line' id='line_1_65' title="bbox 139 3320 1084 3371; baseline -0.003 -13"><span class='ocrx_word' id='word_1_534' title='bbox 139 3323 277 3362; x_wconf 87' lang='lat' dir='ltr'>sionem,</span> <span class='ocrx_word' id='word_1_535' title='bbox 292 3336 387 3371; x_wconf 89' lang='lat' dir='ltr'>nego‚</span> <span class='ocrx_word' id='word_1_536' title='bbox 399 3323 490 3370; x_wconf 90' lang='lat' dir='ltr'>quod</span> <span class='ocrx_word' id='word_1_537' title='bbox 507 3322 631 3370; x_wconf 87' lang='lat' dir='ltr'>sponsio</span> <span class='ocrx_word' id='word_1_538' title='bbox 646 3322 760 3357; x_wconf 85' lang='lat' dir='ltr'>debeat</span> <span class='ocrx_word' id='word_1_539' title='bbox 778 3335 868 3370; x_wconf 84' lang='lat' dir='ltr'>aeque</span> <span class='ocrx_word' id='word_1_540' title='bbox 897 3320 1059 3368; x_wconf 84' lang='lat' dir='ltr'>prohiberi</span> <span class='ocrx_word' id='word_1_541' title='bbox 1076 3347 1084 3359; x_wconf 90' lang='lat'>‚</span> 
     </span>
     <span class='ocr_line' id='line_1_66' title="bbox 140 3371 348 3407; baseline -0.005 0"><span class='ocrx_word' id='word_1_542' title='bbox 140 3372 221 3407; x_wconf 81' lang='lat' dir='ltr'>sicut</span> <span class='ocrx_word' id='word_1_543' title='bbox 238 3371 348 3407; x_wconf 86' lang='lat' dir='ltr'>ludus.</span> 
     </span>
    </p>

    <p class='ocr_par' dir='ltr' id='par_1_10' title="bbox 139 3417 1086 3615">
     <span class='ocr_line' id='line_1_67' title="bbox 190 3417 1086 3469; baseline -0.004 -13"><span class='ocrx_word' id='word_1_544' title='bbox 190 3420 243 3456; x_wconf 88' lang='lat' dir='ltr'>Ad</span> <span class='ocrx_word' id='word_1_545' title='bbox 260 3435 308 3459; x_wconf 82' lang='lat' dir='ltr'>ea,</span> <span class='ocrx_word' id='word_1_546' title='bbox 321 3432 394 3469; x_wconf 85' lang='lat' dir='ltr'>quae</span> <span class='ocrx_word' id='word_1_547' title='bbox 410 3432 521 3454; x_wconf 85' lang='lat' dir='ltr'>contra</span> <span class='ocrx_word' id='word_1_548' title='bbox 538 3419 619 3454; x_wconf 86' lang='lat' dir='ltr'>hanc</span> <span class='ocrx_word' id='word_1_549' title='bbox 635 3417 954 3465; x_wconf 77' lang='lat' dir='ltr'>exeniplisicationem</span> <span class='ocrx_word' id='word_1_550' title='bbox 983 3418 1086 3453; x_wconf 86' lang='lat' dir='ltr'>consi-</span> 
     </span>
     <span class='ocr_line' id='line_1_68' title="bbox 139 3465 1086 3514; baseline -0.002 -10"><span class='ocrx_word' id='word_1_551' title='bbox 139 3469 265 3505; x_wconf 87' lang='lat' dir='ltr'>deravit</span> <span class='ocrx_word' id='word_1_552' title='bbox 280 3470 409 3505; x_wconf 84' lang='lat' dir='ltr'>Paul.de</span> <span class='ocrx_word' id='word_1_553' title='bbox 427 3468 510 3513; x_wconf 67' lang='lat' dir='ltr'>castr</span> <span class='ocrx_word' id='word_1_554' title='bbox 524 3473 554 3502; x_wconf 89' lang='lat' dir='ltr'>in</span> <span class='ocrx_word' id='word_1_555' title='bbox 570 3468 649 3504; x_wconf 50' lang='lat' dir='ltr'>dja}</span> <span class='ocrx_word' id='word_1_556' title='bbox 665 3471 743 3508; x_wconf 80' lang='lat' dir='ltr'>titio,</span> <span class='ocrx_word' id='word_1_557' title='bbox 751 3467 830 3514; x_wconf 78' lang='lat' dir='ltr'>ffide</span> <span class='ocrx_word' id='word_1_558' title='bbox 842 3465 1019 3513; x_wconf 64' lang='lat' dir='ltr'>verbablig.</span> <span class='ocrx_word' id='word_1_559' title='bbox 1037 3469 1086 3502; x_wconf 84' lang='lat' dir='ltr'>di-</span> 
     </span>
     <span class='ocr_line' id='line_1_69' title="bbox 140 3513 1084 3566; baseline -0.006 -11"><span class='ocrx_word' id='word_1_560' title='bbox 140 3532 227 3558; x_wconf 85' lang='lat' dir='ltr'>cens,</span> <span class='ocrx_word' id='word_1_561' title='bbox 241 3519 332 3566; x_wconf 89' lang='lat' dir='ltr'>quod</span> <span class='ocrx_word' id='word_1_562' title='bbox 347 3530 511 3565; x_wconf 88' lang='lat' dir='ltr'>propterea</span> <span class='ocrx_word' id='word_1_563' title='bbox 529 3518 590 3564; x_wconf 83' lang='lat' dir='ltr'>ipse</span> <span class='ocrx_word' id='word_1_564' title='bbox 608 3518 713 3553; x_wconf 84' lang='lat' dir='ltr'>noluit</span> <span class='ocrx_word' id='word_1_565' title='bbox 734 3516 789 3551; x_wconf 86' lang='lat' dir='ltr'>illo</span> <span class='ocrx_word' id='word_1_566' title='bbox 805 3515 877 3551; x_wconf 89' lang='lat' dir='ltr'>casu</span> <span class='ocrx_word' id='word_1_567' title='bbox 890 3513 1052 3551; x_wconf 75' lang='lat' dir='ltr'>consulere</span> <span class='ocrx_word' id='word_1_568' title='bbox 1075 3544 1084 3555; x_wconf 80' lang='grc'>,</span> 
     </span>
     <span class='ocr_line' id='line_1_70' title="bbox 143 3563 1085 3615; baseline -0.002 -12"><span class='ocrx_word' id='word_1_569' title='bbox 143 3567 310 3615; x_wconf 79' lang='lat' dir='ltr'>respondet</span> <span class='ocrx_word' id='word_1_570' title='bbox 326 3567 446 3603; x_wconf 49' lang='lat' dir='ltr'>strand</span> <span class='ocrx_word' id='word_1_571' title='bbox 462 3581 507 3600; x_wconf 80' lang='lat' dir='ltr'>me</span> <span class='ocrx_word' id='word_1_572' title='bbox 526 3571 615 3601; x_wconf 74' lang='lat' dir='ltr'>citas⁹</span> <span class='ocrx_word' id='word_1_573' title='bbox 623 3568 712 3614; x_wconf 62' lang='lat' dir='ltr'>siapra</span> <span class='ocrx_word' id='word_1_574' title='bbox 721 3567 775 3611; x_wconf 63' lang='grc' dir='ltr'>βψ</span> <span class='ocrx_word' id='word_1_575' title='bbox 787 3567 912 3601; x_wconf 79' lang='lat' dir='ltr'>n.88.in</span> <span class='ocrx_word' id='word_1_576' title='bbox 922 3563 1085 3612; x_wconf 78' lang='lat' dir='ltr'>prnst.loco.</span> 
     </span>
    </p>
   </div>
   <div class='ocr_carea' id='block_1_9' title="bbox 1111 317 2073 2136">
    <p class='ocr_par' dir='ltr' id='par_1_11' title="bbox 1160 317 2024 367">
     <span class='ocr_line' id='line_1_71' title="bbox 1160 317 2024 367; baseline 0.002 -13"><span class='ocrx_word' id='word_1_577' title='bbox 1160 322 1303 355; x_wconf 79' lang='lat' dir='ltr'>firmata</span> <span class='ocrx_word' id='word_1_578' title='bbox 1316 317 1712 366; x_wconf 74' lang='lat' dir='ltr'>exemplificatione‚quod</span> <span class='ocrx_word' id='word_1_579' title='bbox 1731 318 1857 367; x_wconf 85' lang='lat' dir='ltr'>sponsio</span> <span class='ocrx_word' id='word_1_580' title='bbox 1873 319 1909 355; x_wconf 90' lang='lat' dir='ltr'>sit</span> <span class='ocrx_word' id='word_1_581' title='bbox 1925 319 2024 356; x_wconf 86' lang='lat' dir='ltr'>licita.</span> 
     </span>
    </p>

    <p class='ocr_par' dir='ltr' id='par_1_12' title="bbox 1111 366 2063 1152">
     <span class='ocr_line' id='line_1_72' title="bbox 1161 366 2061 417; baseline 0.001 -13"><span class='ocrx_word' id='word_1_582' title='bbox 1161 369 1283 408; x_wconf 76' lang='lat' dir='ltr'>Infem,</span> <span class='ocrx_word' id='word_1_583' title='bbox 1298 368 1421 403; x_wconf 80' lang='lat' dir='ltr'>licitum</span> <span class='ocrx_word' id='word_1_584' title='bbox 1435 366 1492 402; x_wconf 79' lang='lat' dir='ltr'>esse</span> <span class='ocrx_word' id='word_1_585' title='bbox 1509 370 1728 408; x_wconf 60' lang='lat' dir='ltr'>contraitum,</span> <span class='ocrx_word' id='word_1_586' title='bbox 1747 371 1780 403; x_wconf 86' lang='lat' dir='ltr'>in</span> <span class='ocrx_word' id='word_1_587' title='bbox 1792 383 1860 417; x_wconf 87' lang='lat' dir='ltr'>quo</span> <span class='ocrx_word' id='word_1_588' title='bbox 1883 382 1943 417; x_wconf 86' lang='lat' dir='ltr'>ego</span> <span class='ocrx_word' id='word_1_589' title='bbox 1959 370 2004 404; x_wconf 90' lang='lat' dir='ltr'>do</span> <span class='ocrx_word' id='word_1_590' title='bbox 2020 371 2061 405; x_wconf 92' lang='lat' dir='ltr'>ti-</span> 
     </span>
     <span class='ocr_line' id='line_1_73' title="bbox 1111 415 2058 466; baseline 0.001 -14"><span class='ocrx_word' id='word_1_591' title='bbox 1111 417 1143 452; x_wconf 88' lang='lat' dir='ltr'>bi</span> <span class='ocrx_word' id='word_1_592' title='bbox 1159 431 1281 466; x_wconf 88' lang='lat' dir='ltr'>equum</span> <span class='ocrx_word' id='word_1_593' title='bbox 1301 442 1310 457; x_wconf 85' lang='lat'><strong>,</strong></span> <span class='ocrx_word' id='word_1_594' title='bbox 1337 415 1386 452; x_wconf 75' lang='lat' dir='ltr'>seu</span> <span class='ocrx_word' id='word_1_595' title='bbox 1405 429 1568 465; x_wconf 85' lang='lat' dir='ltr'>gemmam</span> <span class='ocrx_word' id='word_1_596' title='bbox 1598 417 1716 451; x_wconf 78' lang='lat' dir='ltr'>valoris</span> <span class='ocrx_word' id='word_1_597' title='bbox 1734 416 1898 454; x_wconf 89' lang='lat' dir='ltr'>scutorum</span> <span class='ocrx_word' id='word_1_598' title='bbox 1928 431 2058 453; x_wconf 88' lang='lat' dir='ltr'>centurn</span> 
     </span>
     <span class='ocr_line' id='line_1_74' title="bbox 1112 465 2061 515; baseline 0.001 -14"><span class='ocrx_word' id='word_1_599' title='bbox 1112 479 1171 513; x_wconf 86' lang='lat' dir='ltr'>pro</span> <span class='ocrx_word' id='word_1_600' title='bbox 1186 469 1289 515; x_wconf 86' lang='lat' dir='ltr'>pretio</span> <span class='ocrx_word' id='word_1_601' title='bbox 1305 465 1469 501; x_wconf 84' lang='lat' dir='ltr'>scutorum</span> <span class='ocrx_word' id='word_1_602' title='bbox 1492 480 1504 500; x_wconf 71' lang='grc' dir='ltr'><strong><em>ε</em></strong></span> <span class='ocrx_word' id='word_1_603' title='bbox 1517 479 1570 510; x_wconf 85' lang='lat'>50.</span> <span class='ocrx_word' id='word_1_604' title='bbox 1588 465 1642 501; x_wconf 66' lang='lat' dir='ltr'>scu</span> <span class='ocrx_word' id='word_1_605' title='bbox 1679 478 1755 509; x_wconf 86' lang='lat'>300.</span> <span class='ocrx_word' id='word_1_606' title='bbox 1772 481 1838 502; x_wconf 91' lang='lat' dir='ltr'>non</span> <span class='ocrx_word' id='word_1_607' title='bbox 1855 479 1964 502; x_wconf 88' lang='lat' dir='ltr'>tamen</span> <span class='ocrx_word' id='word_1_608' title='bbox 1979 468 2061 502; x_wconf 87' lang='lat' dir='ltr'>mihi</span> 
     </span>
     <span class='ocr_line' id='line_1_75' title="bbox 1112 512 2062 564; baseline -0.001 -14"><span class='ocrx_word' id='word_1_609' title='bbox 1112 528 1259 564; x_wconf 73' lang='lat' dir='ltr'>unquam</span> <span class='ocrx_word' id='word_1_610' title='bbox 1274 512 1515 554; x_wconf 86' lang='lat' dir='ltr'>solvendorum,</span> <span class='ocrx_word' id='word_1_611' title='bbox 1528 513 1586 549; x_wconf 85' lang='lat' dir='ltr'>nisi</span> <span class='ocrx_word' id='word_1_612' title='bbox 1600 527 1677 550; x_wconf 86' lang='lat' dir='ltr'>curn</span> <span class='ocrx_word' id='word_1_613' title='bbox 1695 527 1730 550; x_wconf 87' lang='lat' dir='ltr'>tu</span> <span class='ocrx_word' id='word_1_614' title='bbox 1748 529 1882 551; x_wconf 82' lang='lat' dir='ltr'>uxorem</span> <span class='ocrx_word' id='word_1_615' title='bbox 1903 516 2032 549; x_wconf 88' lang='lat' dir='ltr'>duxeris</span> <span class='ocrx_word' id='word_1_616' title='bbox 2052 539 2062 555; x_wconf 85' lang='lat'><strong><em>‚</em></strong></span> 
     </span>
     <span class='ocr_line' id='line_1_76' title="bbox 1114 562 2062 604; baseline -0.001 -5"><span class='ocrx_word' id='word_1_617' title='bbox 1114 565 1134 599; x_wconf 81' lang='lat' dir='ltr'>si</span> <span class='ocrx_word' id='word_1_618' title='bbox 1150 578 1220 600; x_wconf 89' lang='lat' dir='ltr'>earn</span> <span class='ocrx_word' id='word_1_619' title='bbox 1236 578 1303 599; x_wconf 90' lang='lat' dir='ltr'>non</span> <span class='ocrx_word' id='word_1_620' title='bbox 1319 564 1448 603; x_wconf 78' lang='lat' dir='ltr'>habeas,</span> <span class='ocrx_word' id='word_1_621' title='bbox 1462 565 1510 597; x_wconf 90' lang='lat' dir='ltr'>vel</span> <span class='ocrx_word' id='word_1_622' title='bbox 1527 563 1546 598; x_wconf 78' lang='lat' dir='ltr'>fi</span> <span class='ocrx_word' id='word_1_623' title='bbox 1563 563 1753 604; x_wconf 69' lang='lat' dir='ltr'>habeasmisi</span> <span class='ocrx_word' id='word_1_624' title='bbox 1765 579 1842 600; x_wconf 83' lang='lat' dir='ltr'>cum</span> <span class='ocrx_word' id='word_1_625' title='bbox 1857 563 1961 599; x_wconf 83' lang='lat' dir='ltr'>filium</span> <span class='ocrx_word' id='word_1_626' title='bbox 1978 562 2062 599; x_wconf 86' lang='lat' dir='ltr'>mas-</span> 
     </span>
     <span class='ocr_line' id='line_1_77' title="bbox 1112 611 2062 660; baseline -0.001 -12"><span class='ocrx_word' id='word_1_627' title='bbox 1112 615 1224 648; x_wconf 87' lang='lat' dir='ltr'>culum</span> <span class='ocrx_word' id='word_1_628' title='bbox 1240 612 1423 660; x_wconf 84' lang='lat' dir='ltr'>susceperis,</span> <span class='ocrx_word' id='word_1_629' title='bbox 1440 613 1488 647; x_wconf 88' lang='lat' dir='ltr'>vel</span> <span class='ocrx_word' id='word_1_630' title='bbox 1507 611 1563 648; x_wconf 92' lang='lat' dir='ltr'>sub</span> <span class='ocrx_word' id='word_1_631' title='bbox 1577 613 1639 648; x_wconf 87' lang='lat' dir='ltr'>alia</span> <span class='ocrx_word' id='word_1_632' title='bbox 1653 613 1779 655; x_wconf 87' lang='lat' dir='ltr'>futura,</span> <span class='ocrx_word' id='word_1_633' title='bbox 1793 618 1826 648; x_wconf 89' lang='lat'>&amp;</span> <span class='ocrx_word' id='word_1_634' title='bbox 1846 616 1965 649; x_wconf 83' lang='lat' dir='ltr'>incerta</span> <span class='ocrx_word' id='word_1_635' title='bbox 1981 625 2062 648; x_wconf 88' lang='lat' dir='ltr'>con-</span> 
     </span>
     <span class='ocr_line' id='line_1_78' title="bbox 1113 662 2063 711; baseline 0 -14"><span class='ocrx_word' id='word_1_636' title='bbox 1113 663 1248 702; x_wconf 74' lang='lat' dir='ltr'>ditione,</span> <span class='ocrx_word' id='word_1_637' title='bbox 1263 666 1306 697; x_wconf 88' lang='lat' dir='ltr'>ita</span> <span class='ocrx_word' id='word_1_638' title='bbox 1324 675 1359 697; x_wconf 88' lang='lat' dir='ltr'>ut</span> <span class='ocrx_word' id='word_1_639' title='bbox 1373 663 1394 698; x_wconf 85' lang='lat' dir='ltr'>si</span> <span class='ocrx_word' id='word_1_640' title='bbox 1411 662 1465 697; x_wconf 88' lang='lat' dir='ltr'>illa</span> <span class='ocrx_word' id='word_1_641' title='bbox 1481 662 1627 697; x_wconf 86' lang='lat' dir='ltr'>conditio</span> <span class='ocrx_word' id='word_1_642' title='bbox 1642 675 1813 711; x_wconf 89' lang='lat' dir='ltr'>nunquam</span> <span class='ocrx_word' id='word_1_643' title='bbox 1838 662 1979 698; x_wconf 83' lang='lat' dir='ltr'>evenerit</span> <span class='ocrx_word' id='word_1_644' title='bbox 1997 676 2008 703; x_wconf 67' lang='grc' dir='ltr'><strong><em>ς</em></strong></span> <span class='ocrx_word' id='word_1_645' title='bbox 2026 673 2063 697; x_wconf 87' lang='lat' dir='ltr'>tu</span> 
     </span>
     <span class='ocr_line' id='line_1_79' title="bbox 1112 711 2063 759; baseline -0.002 -13"><span class='ocrx_word' id='word_1_646' title='bbox 1112 712 1243 746; x_wconf 85' lang='lat' dir='ltr'>lucreris</span> <span class='ocrx_word' id='word_1_647' title='bbox 1258 713 1349 746; x_wconf 80' lang='lat' dir='ltr'>illum</span> <span class='ocrx_word' id='word_1_648' title='bbox 1367 723 1488 758; x_wconf 87' lang='lat' dir='ltr'>equum</span> <span class='ocrx_word' id='word_1_649' title='bbox 1508 725 1517 753; x_wconf 77' lang='lat'><em>3</em></span> <span class='ocrx_word' id='word_1_650' title='bbox 1534 711 1687 759; x_wconf 87' lang='lat' dir='ltr'>huncque</span> <span class='ocrx_word' id='word_1_651' title='bbox 1701 714 1906 747; x_wconf 60' lang='lat' dir='ltr'>contraskum</span> <span class='ocrx_word' id='word_1_652' title='bbox 1932 723 1994 759; x_wconf 88' lang='lat' dir='ltr'>ego</span> <span class='ocrx_word' id='word_1_653' title='bbox 2015 713 2063 745; x_wconf 89' lang='lat' dir='ltr'>vi·</span> 
     </span>
     <span class='ocr_line' id='line_1_80' title="bbox 1113 761 2062 808; baseline 0 -14"><span class='ocrx_word' id='word_1_654' title='bbox 1113 762 1145 794; x_wconf 89' lang='lat' dir='ltr'>di</span> <span class='ocrx_word' id='word_1_655' title='bbox 1167 762 1284 808; x_wconf 86' lang='lat' dir='ltr'>pluries</span> <span class='ocrx_word' id='word_1_656' title='bbox 1299 762 1429 794; x_wconf 89' lang='lat' dir='ltr'>initium</span> <span class='ocrx_word' id='word_1_657' title='bbox 1458 761 1510 794; x_wconf 80' lang='lat' dir='ltr'>hic</span> <span class='ocrx_word' id='word_1_658' title='bbox 1540 762 1655 795; x_wconf 84' lang='lat' dir='ltr'>Romae</span> <span class='ocrx_word' id='word_1_659' title='bbox 1672 785 1683 800; x_wconf 92' lang='lat'>‚</span> <span class='ocrx_word' id='word_1_660' title='bbox 1710 767 1743 798; x_wconf 70' lang='grc' dir='ltr'>ὅ(</span> <span class='ocrx_word' id='word_1_661' title='bbox 1770 761 1904 796; x_wconf 88' lang='lat' dir='ltr'>similem</span> <span class='ocrx_word' id='word_1_662' title='bbox 1931 772 2062 795; x_wconf 85' lang='lat' dir='ltr'>contra-</span> 
     </span>
     <span class='ocr_line' id='line_1_81' title="bbox 1115 808 2063 856; baseline -0.001 -12"><span class='ocrx_word' id='word_1_663' title='bbox 1115 812 1217 848; x_wconf 68' lang='lat' dir='ltr'>istum,</span> <span class='ocrx_word' id='word_1_664' title='bbox 1229 823 1355 856; x_wconf 84' lang='lat' dir='ltr'>nempe,</span> <span class='ocrx_word' id='word_1_665' title='bbox 1369 810 1478 844; x_wconf 85' lang='lat' dir='ltr'>Titius</span> <span class='ocrx_word' id='word_1_666' title='bbox 1491 811 1605 856; x_wconf 85' lang='lat' dir='ltr'>accipit</span> <span class='ocrx_word' id='word_1_667' title='bbox 1624 809 1641 844; x_wconf 74' lang='grc' dir='ltr'>ὲ</span> <span class='ocrx_word' id='word_1_668' title='bbox 1655 812 1740 856; x_wconf 88' lang='lat' dir='ltr'>Cajo</span> <span class='ocrx_word' id='word_1_669' title='bbox 1757 823 1833 846; x_wconf 88' lang='lat'>100.</span> <span class='ocrx_word' id='word_1_670' title='bbox 1847 824 1883 845; x_wconf 91' lang='lat' dir='ltr'>ea</span> <span class='ocrx_word' id='word_1_671' title='bbox 1900 808 2063 845; x_wconf 86' lang='lat' dir='ltr'>conditio-</span> 
     </span>
     <span class='ocr_line' id='line_1_82' title="bbox 1115 858 2062 907; baseline -0.001 -14"><span class='ocrx_word' id='word_1_672' title='bbox 1115 870 1156 894; x_wconf 87' lang='lat' dir='ltr'>ne</span> <span class='ocrx_word' id='word_1_673' title='bbox 1172 885 1181 899; x_wconf 92' lang='lat'><strong><em>,</em></strong></span> <span class='ocrx_word' id='word_1_674' title='bbox 1199 871 1232 892; x_wconf 89' lang='lat' dir='ltr'>ut</span> <span class='ocrx_word' id='word_1_675' title='bbox 1249 859 1504 900; x_wconf 38' lang='lat' dir='ltr'>Titius-reddere</span> <span class='ocrx_word' id='word_1_676' title='bbox 1521 871 1668 893; x_wconf 86' lang='lat' dir='ltr'>teneatur</span> <span class='ocrx_word' id='word_1_677' title='bbox 1686 872 1765 894; x_wconf 87' lang='lat'><em>200.</em></span> <span class='ocrx_word' id='word_1_678' title='bbox 1781 858 1803 894; x_wconf 87' lang='lat' dir='ltr'>si</span> <span class='ocrx_word' id='word_1_679' title='bbox 1821 861 1891 907; x_wconf 88' lang='lat' dir='ltr'>post</span> <span class='ocrx_word' id='word_1_680' title='bbox 1905 859 1989 893; x_wconf 89' lang='lat' dir='ltr'>duos</span> <span class='ocrx_word' id='word_1_681' title='bbox 2004 871 2062 892; x_wconf 88' lang='lat' dir='ltr'>an·</span> 
     </span>
     <span class='ocr_line' id='line_1_83' title="bbox 1116 905 2061 955; baseline -0.001 -13"><span class='ocrx_word' id='word_1_682' title='bbox 1116 921 1187 947; x_wconf 84' lang='lat' dir='ltr'>nos,</span> <span class='ocrx_word' id='word_1_683' title='bbox 1203 907 1267 942; x_wconf 81' lang='lat' dir='ltr'>visa</span> <span class='ocrx_word' id='word_1_684' title='bbox 1283 907 1372 942; x_wconf 85' lang='lat' dir='ltr'>Urbe</span> <span class='ocrx_word' id='word_1_685' title='bbox 1391 906 1618 947; x_wconf 71' lang='lat' dir='ltr'>Roma‚salvus</span> <span class='ocrx_word' id='word_1_686' title='bbox 1630 907 1759 943; x_wconf 88' lang='lat' dir='ltr'>redierit</span> <span class='ocrx_word' id='word_1_687' title='bbox 1775 910 1808 943; x_wconf 89' lang='lat' dir='ltr'>in</span> <span class='ocrx_word' id='word_1_688' title='bbox 1821 907 2022 955; x_wconf 82' lang='lat' dir='ltr'>patriam,vel</span> <span class='ocrx_word' id='word_1_689' title='bbox 2038 905 2061 941; x_wconf 85' lang='lat' dir='ltr'>si</span> 
     </span>
     <span class='ocr_line' id='line_1_84' title="bbox 1116 955 2063 1004; baseline -0.001 -13"><span class='ocrx_word' id='word_1_690' title='bbox 1116 970 1249 992; x_wconf 87' lang='lat' dir='ltr'>uxorem</span> <span class='ocrx_word' id='word_1_691' title='bbox 1267 958 1406 995; x_wconf 86' lang='lat' dir='ltr'>duxerit,</span> <span class='ocrx_word' id='word_1_692' title='bbox 1422 957 1470 990; x_wconf 84' lang='lat' dir='ltr'>vel</span> <span class='ocrx_word' id='word_1_693' title='bbox 1488 956 1508 990; x_wconf 84' lang='lat' dir='ltr'>si</span> <span class='ocrx_word' id='word_1_694' title='bbox 1525 955 1580 991; x_wconf 84' lang='lat' dir='ltr'>fiat</span> <span class='ocrx_word' id='word_1_695' title='bbox 1594 956 1757 1004; x_wconf 84' lang='lat' dir='ltr'>presbyter</span> <span class='ocrx_word' id='word_1_696' title='bbox 1774 983 1784 997; x_wconf 92' lang='lat'><em>,</em></span> <span class='ocrx_word' id='word_1_697' title='bbox 1817 956 1884 991; x_wconf 86' lang='lat' dir='ltr'>fieri</span> <span class='ocrx_word' id='word_1_698' title='bbox 1900 956 1997 993; x_wconf 87' lang='lat' dir='ltr'>solere</span> <span class='ocrx_word' id='word_1_699' title='bbox 2029 959 2063 990; x_wconf 85' lang='lat' dir='ltr'>in</span> 
     </span>
     <span class='ocr_line' id='line_1_85' title="bbox 1117 1004 2063 1046; baseline -0.003 -5"><span class='ocrx_word' id='word_1_700' title='bbox 1117 1006 1313 1046; x_wconf 79' lang='lat' dir='ltr'>Flandria,&amp;</span> <span class='ocrx_word' id='word_1_701' title='bbox 1332 1006 1475 1045; x_wconf 86' lang='lat' dir='ltr'>Francia,</span> <span class='ocrx_word' id='word_1_702' title='bbox 1488 1009 1521 1039; x_wconf 72' lang='grc' dir='ltr'>δ(</span> <span class='ocrx_word' id='word_1_703' title='bbox 1537 1005 1595 1040; x_wconf 84' lang='lat' dir='ltr'>esse</span> <span class='ocrx_word' id='word_1_704' title='bbox 1611 1009 1814 1042; x_wconf 62' lang='lat' dir='ltr'>contractum</span> <span class='ocrx_word' id='word_1_705' title='bbox 1832 1007 1972 1045; x_wconf 82' lang='lat' dir='ltr'>licitum,</span> <span class='ocrx_word' id='word_1_706' title='bbox 1988 1004 2063 1039; x_wconf 88' lang='lat' dir='ltr'>scri-</span> 
     </span>
     <span class='ocr_line' id='line_1_86' title="bbox 1116 1055 2063 1103; baseline -0.002 -13"><span class='ocrx_word' id='word_1_707' title='bbox 1116 1056 1163 1090; x_wconf 92' lang='lat' dir='ltr'>bit</span> <span class='ocrx_word' id='word_1_708' title='bbox 1170 1058 1264 1103; x_wconf 84' lang='lat' dir='ltr'>Joan.</span> <span class='ocrx_word' id='word_1_709' title='bbox 1280 1058 1384 1090; x_wconf 65' lang='lat' dir='ltr'>Azor.</span> <span class='ocrx_word' id='word_1_710' title='bbox 1401 1057 1438 1089; x_wconf 77' lang='lat' dir='ltr'>de</span> <span class='ocrx_word' id='word_1_711' title='bbox 1450 1055 1649 1099; x_wconf 77' lang='lat' dir='ltr'>instit.moral.</span> <span class='ocrx_word' id='word_1_712' title='bbox 1662 1055 1849 1103; x_wconf 79' lang='lat' dir='ltr'>par.3.lib.1</span> <span class='ocrx_word' id='word_1_713' title='bbox 1862 1055 1980 1091; x_wconf 81' lang='lat' dir='ltr'>t.tit.de</span> <span class='ocrx_word' id='word_1_714' title='bbox 1996 1068 2063 1088; x_wconf 74' lang='lat' dir='ltr'>con-</span> 
     </span>
     <span class='ocr_line' id='line_1_87' title="bbox 1114 1103 1712 1152; baseline -0.002 -14"><span class='ocrx_word' id='word_1_715' title='bbox 1114 1103 1285 1142; x_wconf 62' lang='lat' dir='ltr'>tra&amp;.duh.</span> <span class='ocrx_word' id='word_1_716' title='bbox 1297 1115 1386 1152; x_wconf 58' lang='lat' dir='ltr'>capa.</span> <span class='ocrx_word' id='word_1_717' title='bbox 1398 1117 1425 1139; x_wconf 85' lang='lat' dir='ltr'>i.</span> <span class='ocrx_word' id='word_1_718' title='bbox 1440 1107 1538 1144; x_wconf 79' lang='lat' dir='ltr'>initio,</span> <span class='ocrx_word' id='word_1_719' title='bbox 1552 1106 1712 1147; x_wconf 81' lang='lat' dir='ltr'>col.102.7,</span> 
     </span>
    </p>

    <p class='ocr_par' dir='ltr' id='par_1_13' title="bbox 1118 1152 2066 1447">
     <span class='ocr_line' id='line_1_88' title="bbox 1167 1152 2064 1202; baseline -0.001 -14"><span class='ocrx_word' id='word_1_720' title='bbox 1167 1154 1309 1189; x_wconf 86' lang='lat' dir='ltr'>Extende</span> <span class='ocrx_word' id='word_1_721' title='bbox 1338 1154 1444 1200; x_wconf 86' lang='lat' dir='ltr'>primo</span> <span class='ocrx_word' id='word_1_722' title='bbox 1469 1152 1603 1187; x_wconf 86' lang='lat' dir='ltr'>eandem</span> <span class='ocrx_word' id='word_1_723' title='bbox 1642 1153 1965 1202; x_wconf 83' lang='lat' dir='ltr'>exemplificationem</span> <span class='ocrx_word' id='word_1_724' title='bbox 1982 1174 1993 1193; x_wconf 84' lang='lat'><strong>,</strong></span> <span class='ocrx_word' id='word_1_725' title='bbox 2027 1164 2064 1187; x_wconf 89' lang='lat' dir='ltr'>ut</span> 
     </span>
     <span class='ocr_line' id='line_1_89' title="bbox 1119 1200 2063 1250; baseline -0.001 -12"><span class='ocrx_word' id='word_1_726' title='bbox 1119 1203 1233 1238; x_wconf 79' lang='lat' dir='ltr'>habeat</span> <span class='ocrx_word' id='word_1_727' title='bbox 1248 1203 1356 1238; x_wconf 85' lang='lat' dir='ltr'>locum</span> <span class='ocrx_word' id='word_1_728' title='bbox 1373 1204 1472 1236; x_wconf 90' lang='lat' dir='ltr'>etiam</span> <span class='ocrx_word' id='word_1_729' title='bbox 1490 1200 1511 1236; x_wconf 87' lang='lat' dir='ltr'>si</span> <span class='ocrx_word' id='word_1_730' title='bbox 1529 1201 1654 1249; x_wconf 87' lang='lat' dir='ltr'>sponsio</span> <span class='ocrx_word' id='word_1_731' title='bbox 1669 1203 1742 1238; x_wconf 86' lang='lat' dir='ltr'>esset</span> <span class='ocrx_word' id='word_1_732' title='bbox 1757 1204 1797 1238; x_wconf 89' lang='lat' dir='ltr'>de</span> <span class='ocrx_word' id='word_1_733' title='bbox 1811 1203 1968 1250; x_wconf 70' lang='lat' dir='ltr'>praeterita</span> <span class='ocrx_word' id='word_1_734' title='bbox 1983 1227 1994 1241; x_wconf 85' lang='lat'>‚</span> <span class='ocrx_word' id='word_1_735' title='bbox 2012 1200 2063 1237; x_wconf 86' lang='lat' dir='ltr'>seu</span> 
     </span>
     <span class='ocr_line' id='line_1_90' title="bbox 1118 1250 2065 1301; baseline -0.002 -14"><span class='ocrx_word' id='word_1_736' title='bbox 1118 1252 1228 1287; x_wconf 77' lang='lat' dir='ltr'>futura</span> <span class='ocrx_word' id='word_1_737' title='bbox 1246 1263 1349 1286; x_wconf 83' lang='lat' dir='ltr'>morte</span> <span class='ocrx_word' id='word_1_738' title='bbox 1362 1250 1499 1297; x_wconf 84' lang='lat' dir='ltr'>alicujus</span> <span class='ocrx_word' id='word_1_739' title='bbox 1517 1253 1686 1299; x_wconf 87' lang='lat' dir='ltr'>Principis,</span> <span class='ocrx_word' id='word_1_740' title='bbox 1704 1252 1764 1288; x_wconf 87' lang='lat' dir='ltr'>sive</span> <span class='ocrx_word' id='word_1_741' title='bbox 1781 1254 1962 1301; x_wconf 88' lang='lat' dir='ltr'>Magnatis,</span> <span class='ocrx_word' id='word_1_742' title='bbox 1979 1262 2015 1286; x_wconf 89' lang='lat' dir='ltr'>ut</span> <span class='ocrx_word' id='word_1_743' title='bbox 2031 1253 2065 1286; x_wconf 88' lang='lat' dir='ltr'>in</span> 
     </span>
     <span class='ocr_line' id='line_1_91' title="bbox 1120 1299 2065 1349; baseline -0.001 -13"><span class='ocrx_word' id='word_1_744' title='bbox 1120 1300 1248 1341; x_wconf 88' lang='lat' dir='ltr'>casu‚de</span> <span class='ocrx_word' id='word_1_745' title='bbox 1263 1309 1331 1348; x_wconf 87' lang='lat' dir='ltr'>quo</span> <span class='ocrx_word' id='word_1_746' title='bbox 1347 1299 1442 1347; x_wconf 85' lang='lat' dir='ltr'>supra</span> <span class='ocrx_word' id='word_1_747' title='bbox 1451 1299 1507 1347; x_wconf 85' lang='lat' dir='ltr'>sub</span> <span class='ocrx_word' id='word_1_748' title='bbox 1521 1304 1572 1335; x_wconf 77' lang='lat' dir='ltr'>n.8</span> <span class='ocrx_word' id='word_1_749' title='bbox 1582 1301 1612 1335; x_wconf 91' lang='lat'>8.</span> <span class='ocrx_word' id='word_1_750' title='bbox 1631 1302 1679 1336; x_wconf 88' lang='lat' dir='ltr'>vel</span> <span class='ocrx_word' id='word_1_751' title='bbox 1698 1301 1828 1337; x_wconf 88' lang='lat' dir='ltr'>alterius</span> <span class='ocrx_word' id='word_1_752' title='bbox 1844 1300 1983 1349; x_wconf 70' lang='lat' dir='ltr'>personae</span> <span class='ocrx_word' id='word_1_753' title='bbox 1999 1301 2065 1347; x_wconf 83' lang='lat' dir='ltr'>pri-</span> 
     </span>
     <span class='ocr_line' id='line_1_92' title="bbox 1120 1347 2066 1398; baseline -0.001 -13"><span class='ocrx_word' id='word_1_754' title='bbox 1120 1352 1292 1398; x_wconf 88' lang='lat' dir='ltr'>vatae‚quia</span> <span class='ocrx_word' id='word_1_755' title='bbox 1310 1349 1435 1397; x_wconf 79' lang='lat' dir='ltr'>sponsio</span> <span class='ocrx_word' id='word_1_756' title='bbox 1449 1359 1485 1384; x_wconf 86' lang='lat' dir='ltr'>ex</span> <span class='ocrx_word' id='word_1_757' title='bbox 1502 1348 1560 1384; x_wconf 84' lang='lat' dir='ltr'>suo</span> <span class='ocrx_word' id='word_1_758' title='bbox 1573 1363 1686 1398; x_wconf 86' lang='lat' dir='ltr'>genere</span> <span class='ocrx_word' id='word_1_759' title='bbox 1702 1347 1773 1386; x_wconf 71' lang='lat' dir='ltr'>esset</span> <span class='ocrx_word' id='word_1_760' title='bbox 1787 1351 1894 1386; x_wconf 90' lang='lat' dir='ltr'>adhuc</span> <span class='ocrx_word' id='word_1_761' title='bbox 1908 1350 1996 1386; x_wconf 82' lang='lat' dir='ltr'>licita</span> <span class='ocrx_word' id='word_1_762' title='bbox 2010 1362 2066 1397; x_wconf 87' lang='lat' dir='ltr'>per</span> 
     </span>
     <span class='ocr_line' id='line_1_93' title="bbox 1119 1399 1644 1447; baseline -0.002 -12"><span class='ocrx_word' id='word_1_763' title='bbox 1119 1414 1168 1440; x_wconf 90' lang='lat' dir='ltr'>ea,</span> <span class='ocrx_word' id='word_1_764' title='bbox 1180 1413 1253 1447; x_wconf 75' lang='lat' dir='ltr'>qua:</span> <span class='ocrx_word' id='word_1_765' title='bbox 1269 1400 1336 1434; x_wconf 84' lang='lat' dir='ltr'>dixi</span> <span class='ocrx_word' id='word_1_766' title='bbox 1355 1399 1388 1433; x_wconf 85' lang='lat' dir='ltr'>d.</span> <span class='ocrx_word' id='word_1_767' title='bbox 1403 1400 1500 1435; x_wconf 85' lang='lat' dir='ltr'>n.88.</span> <span class='ocrx_word' id='word_1_768' title='bbox 1518 1400 1644 1447; x_wconf 46' lang='lat' dir='ltr'>&amp;sqq</span> 
     </span>
    </p>

    <p class='ocr_par' dir='ltr' id='par_1_14' title="bbox 1120 1446 2073 2136">
     <span class='ocr_line' id='line_1_94' title="bbox 1168 1446 2066 1496; baseline -0.002 -12"><span class='ocrx_word' id='word_1_769' title='bbox 1168 1448 1392 1484; x_wconf 82' lang='lat' dir='ltr'>Confirmatut</span> <span class='ocrx_word' id='word_1_770' title='bbox 1408 1448 1472 1483; x_wconf 89' lang='lat' dir='ltr'>haec</span> <span class='ocrx_word' id='word_1_771' title='bbox 1487 1451 1626 1483; x_wconf 75' lang='lat' dir='ltr'>extensio</span> <span class='ocrx_word' id='word_1_772' title='bbox 1642 1474 1654 1489; x_wconf 90' lang='lat'>,</span> <span class='ocrx_word' id='word_1_773' title='bbox 1683 1449 1763 1496; x_wconf 88' lang='lat' dir='ltr'>quia</span> <span class='ocrx_word' id='word_1_774' title='bbox 1781 1447 1837 1483; x_wconf 76' lang='lat' dir='ltr'>etsi</span> <span class='ocrx_word' id='word_1_775' title='bbox 1853 1460 1891 1484; x_wconf 86' lang='lat' dir='ltr'>ex</span> <span class='ocrx_word' id='word_1_776' title='bbox 1906 1446 2066 1495; x_wconf 83' lang='lat' dir='ltr'>ejusmodi</span> 
     </span>
     <span class='ocr_line' id='line_1_95' title="bbox 1123 1497 2066 1546; baseline -0.003 -12"><span class='ocrx_word' id='word_1_777' title='bbox 1123 1497 1291 1546; x_wconf 80' lang='lat' dir='ltr'>sponsione</span> <span class='ocrx_word' id='word_1_778' title='bbox 1309 1498 1401 1532; x_wconf 88' lang='lat' dir='ltr'>detur</span> <span class='ocrx_word' id='word_1_779' title='bbox 1414 1497 1538 1532; x_wconf 86' lang='lat' dir='ltr'>occasio</span> <span class='ocrx_word' id='word_1_780' title='bbox 1551 1497 1687 1546; x_wconf 88' lang='lat' dir='ltr'>optandi</span> <span class='ocrx_word' id='word_1_781' title='bbox 1701 1510 1839 1533; x_wconf 88' lang='lat' dir='ltr'>mortem</span> <span class='ocrx_word' id='word_1_782' title='bbox 1862 1497 1993 1533; x_wconf 80' lang='lat' dir='ltr'>alterius</span> <span class='ocrx_word' id='word_1_783' title='bbox 2011 1499 2066 1538; x_wconf 81' lang='lat'>3&amp;</span> 
     </span>
     <span class='ocr_line' id='line_1_96' title="bbox 1120 1546 2066 1594; baseline -0.002 -12"><span class='ocrx_word' id='word_1_784' title='bbox 1120 1549 1194 1582; x_wconf 89' lang='lat' dir='ltr'>ideo</span> <span class='ocrx_word' id='word_1_785' title='bbox 1222 1547 1370 1582; x_wconf 86' lang='lat' dir='ltr'>videatur</span> <span class='ocrx_word' id='word_1_786' title='bbox 1385 1559 1498 1582; x_wconf 83' lang='lat' dir='ltr'>contra</span> <span class='ocrx_word' id='word_1_787' title='bbox 1515 1547 1618 1582; x_wconf 87' lang='lat' dir='ltr'>bonos</span> <span class='ocrx_word' id='word_1_788' title='bbox 1635 1560 1739 1582; x_wconf 81' lang='lat' dir='ltr'>mores</span> <span class='ocrx_word' id='word_1_789' title='bbox 1765 1571 1774 1588; x_wconf 93' lang='lat'><em>,</em></span> <span class='ocrx_word' id='word_1_790' title='bbox 1799 1559 1907 1582; x_wconf 86' lang='lat' dir='ltr'>tamen</span> <span class='ocrx_word' id='word_1_791' title='bbox 1930 1546 1993 1582; x_wconf 87' lang='lat' dir='ltr'>hoc</span> <span class='ocrx_word' id='word_1_792' title='bbox 2023 1547 2066 1594; x_wconf 68' lang='lat' dir='ltr'>est</span> 
     </span>
     <span class='ocr_line' id='line_1_97' title="bbox 1120 1596 2065 1636; baseline -0.003 -4"><span class='ocrx_word' id='word_1_793' title='bbox 1120 1596 1421 1634; x_wconf 78' lang='lat' dir='ltr'>accidentai·ium‚&amp;</span> <span class='ocrx_word' id='word_1_794' title='bbox 1434 1609 1471 1630; x_wconf 87' lang='lat' dir='ltr'>ex</span> <span class='ocrx_word' id='word_1_795' title='bbox 1490 1596 1662 1631; x_wconf 86' lang='lat' dir='ltr'>hominurn</span> <span class='ocrx_word' id='word_1_796' title='bbox 1679 1596 1818 1636; x_wconf 82' lang='lat' dir='ltr'>malitia,</span> <span class='ocrx_word' id='word_1_797' title='bbox 1830 1601 1862 1631; x_wconf 76' lang='grc' dir='ltr'>δι</span> <span class='ocrx_word' id='word_1_798' title='bbox 1879 1610 1944 1631; x_wconf 89' lang='lat' dir='ltr'>non</span> <span class='ocrx_word' id='word_1_799' title='bbox 1955 1610 1992 1631; x_wconf 77' lang='lat' dir='ltr'>ex</span> <span class='ocrx_word' id='word_1_800' title='bbox 2008 1609 2065 1629; x_wconf 55' lang='lat' dir='ltr'>nar</span> 
     </span>
     <span class='ocr_line' id='line_1_98' title="bbox 1122 1644 2069 1692; baseline -0.002 -11"><span class='ocrx_word' id='word_1_801' title='bbox 1122 1659 1194 1681; x_wconf 87' lang='lat' dir='ltr'>tura</span> <span class='ocrx_word' id='word_1_802' title='bbox 1207 1647 1393 1680; x_wconf 66' lang='lat' dir='ltr'>contractus</span> <span class='ocrx_word' id='word_1_803' title='bbox 1407 1671 1416 1683; x_wconf 95' lang='lat'>,</span> <span class='ocrx_word' id='word_1_804' title='bbox 1429 1647 1488 1692; x_wconf 91' lang='lat' dir='ltr'>qui</span> <span class='ocrx_word' id='word_1_805' title='bbox 1502 1646 1606 1680; x_wconf 87' lang='lat' dir='ltr'>tendit</span> <span class='ocrx_word' id='word_1_806' title='bbox 1618 1647 1659 1680; x_wconf 89' lang='lat' dir='ltr'>ad</span> <span class='ocrx_word' id='word_1_807' title='bbox 1684 1645 1810 1681; x_wconf 86' lang='lat' dir='ltr'>lucrum</span> <span class='ocrx_word' id='word_1_808' title='bbox 1828 1660 1837 1686; x_wconf 65' lang='grc' dir='ltr'><strong>ς</strong></span> <span class='ocrx_word' id='word_1_809' title='bbox 1852 1650 1882 1679; x_wconf 85' lang='lat'>&amp;</span> <span class='ocrx_word' id='word_1_810' title='bbox 1907 1646 1981 1680; x_wconf 87' lang='lat' dir='ltr'>ideo</span> <span class='ocrx_word' id='word_1_811' title='bbox 1995 1644 2069 1679; x_wconf 85' lang='lat' dir='ltr'>talis</span> 
     </span>
     <span class='ocr_line' id='line_1_99' title="bbox 1121 1693 2069 1743; baseline -0.003 -13"><span class='ocrx_word' id='word_1_812' title='bbox 1121 1695 1244 1730; x_wconf 79' lang='lat' dir='ltr'>occasio</span> <span class='ocrx_word' id='word_1_813' title='bbox 1260 1709 1324 1729; x_wconf 90' lang='lat' dir='ltr'>non</span> <span class='ocrx_word' id='word_1_814' title='bbox 1343 1694 1436 1728; x_wconf 91' lang='lat' dir='ltr'>debet</span> <span class='ocrx_word' id='word_1_815' title='bbox 1451 1694 1566 1729; x_wconf 85' lang='lat' dir='ltr'>habere</span> <span class='ocrx_word' id='word_1_816' title='bbox 1583 1697 1651 1729; x_wconf 90' lang='lat' dir='ltr'>vim</span> <span class='ocrx_word' id='word_1_817' title='bbox 1667 1693 1828 1729; x_wconf 86' lang='lat' dir='ltr'>inficiendi</span> <span class='ocrx_word' id='word_1_818' title='bbox 1859 1694 1963 1743; x_wconf 85' lang='lat' dir='ltr'>ipsum</span> <span class='ocrx_word' id='word_1_819' title='bbox 1988 1707 2069 1729; x_wconf 90' lang='lat' dir='ltr'>con-</span> 
     </span>
     <span class='ocr_line' id='line_1_100' title="bbox 1121 1742 2068 1792; baseline -0.004 -12"><span class='ocrx_word' id='word_1_820' title='bbox 1121 1747 1275 1784; x_wconf 55' lang='lat' dir='ltr'>tradium,</span> <span class='ocrx_word' id='word_1_821' title='bbox 1289 1744 1380 1791; x_wconf 88' lang='lat' dir='ltr'>quod</span> <span class='ocrx_word' id='word_1_822' title='bbox 1398 1743 1545 1790; x_wconf 79' lang='lat' dir='ltr'>videmus</span> <span class='ocrx_word' id='word_1_823' title='bbox 1561 1746 1594 1778; x_wconf 86' lang='lat' dir='ltr'>in</span> <span class='ocrx_word' id='word_1_824' title='bbox 1609 1745 1815 1784; x_wconf 86' lang='lat' dir='ltr'>testamentis,</span> <span class='ocrx_word' id='word_1_825' title='bbox 1829 1744 1942 1792; x_wconf 84' lang='lat' dir='ltr'>legatis</span> <span class='ocrx_word' id='word_1_826' title='bbox 1955 1770 1965 1784; x_wconf 92' lang='lat'><strong>,</strong></span> <span class='ocrx_word' id='word_1_827' title='bbox 1979 1742 2068 1777; x_wconf 82' lang='lat' dir='ltr'>fidei-</span> 
     </span>
     <span class='ocr_line' id='line_1_101' title="bbox 1121 1791 2071 1834; baseline -0.003 -5"><span class='ocrx_word' id='word_1_828' title='bbox 1121 1793 1296 1829; x_wconf 68' lang='lat' dir='ltr'>commissis</span> <span class='ocrx_word' id='word_1_829' title='bbox 1310 1791 1587 1833; x_wconf 82' lang='lat' dir='ltr'>substitutionibus</span> <span class='ocrx_word' id='word_1_830' title='bbox 1600 1819 1612 1834; x_wconf 86' lang='lat'><strong><em>,</em></strong></span> <span class='ocrx_word' id='word_1_831' title='bbox 1640 1792 1845 1828; x_wconf 85' lang='lat' dir='ltr'>donationib.</span> <span class='ocrx_word' id='word_1_832' title='bbox 1871 1793 1965 1828; x_wconf 80' lang='lat' dir='ltr'>causa</span> <span class='ocrx_word' id='word_1_833' title='bbox 1981 1806 2071 1826; x_wconf 75' lang='lat' dir='ltr'>mor-</span> 
     </span>
     <span class='ocr_line' id='line_1_102' title="bbox 1122 1840 2072 1889; baseline -0.003 -11"><span class='ocrx_word' id='word_1_834' title='bbox 1122 1846 1163 1878; x_wconf 86' lang='lat' dir='ltr'>tis</span> <span class='ocrx_word' id='word_1_835' title='bbox 1187 1850 1220 1877; x_wconf 72' lang='grc' dir='ltr'>ὄζ</span> <span class='ocrx_word' id='word_1_836' title='bbox 1235 1842 1437 1878; x_wconf 83' lang='lat' dir='ltr'>societatibus</span> <span class='ocrx_word' id='word_1_837' title='bbox 1465 1840 1564 1877; x_wconf 83' lang='lat' dir='ltr'>officii</span> <span class='ocrx_word' id='word_1_838' title='bbox 1581 1869 1590 1882; x_wconf 90' lang='lat'><strong>,</strong></span> <span class='ocrx_word' id='word_1_839' title='bbox 1614 1856 1687 1889; x_wconf 86' lang='lat' dir='ltr'>quae</span> <span class='ocrx_word' id='word_1_840' title='bbox 1701 1842 1789 1877; x_wconf 85' lang='lat' dir='ltr'>nulla</span> <span class='ocrx_word' id='word_1_841' title='bbox 1807 1843 1903 1885; x_wconf 78' lang='lat' dir='ltr'>hujus</span> <span class='ocrx_word' id='word_1_842' title='bbox 1930 1841 2072 1877; x_wconf 87' lang='lat' dir='ltr'>occasio-</span> 
     </span>
     <span class='ocr_line' id='line_1_103' title="bbox 1125 1890 2069 1939; baseline -0.002 -12"><span class='ocrx_word' id='word_1_843' title='bbox 1125 1895 1174 1927; x_wconf 85' lang='lat' dir='ltr'>nis</span> <span class='ocrx_word' id='word_1_844' title='bbox 1187 1893 1296 1927; x_wconf 78' lang='lat' dir='ltr'>habita</span> <span class='ocrx_word' id='word_1_845' title='bbox 1309 1893 1445 1929; x_wconf 87' lang='lat' dir='ltr'>ratione,</span> <span class='ocrx_word' id='word_1_846' title='bbox 1461 1892 1567 1926; x_wconf 86' lang='lat' dir='ltr'>valent</span> <span class='ocrx_word' id='word_1_847' title='bbox 1593 1905 1602 1932; x_wconf 66' lang='grc' dir='ltr'><strong><em>ς</em></strong></span> <span class='ocrx_word' id='word_1_848' title='bbox 1630 1891 1755 1939; x_wconf 90' lang='lat' dir='ltr'>hacque</span> <span class='ocrx_word' id='word_1_849' title='bbox 1769 1894 1893 1926; x_wconf 84' lang='lat' dir='ltr'>ratione</span> <span class='ocrx_word' id='word_1_850' title='bbox 1919 1890 2069 1926; x_wconf 76' lang='lat' dir='ltr'>validita‹</span> 
     </span>
     <span class='ocr_line' id='line_1_104' title="bbox 1127 1939 2070 1977; baseline -0.003 0"><span class='ocrx_word' id='word_1_851' title='bbox 1127 1955 1193 1977; x_wconf 84' lang='lat' dir='ltr'>tem</span> <span class='ocrx_word' id='word_1_852' title='bbox 1226 1943 1411 1976; x_wconf 59' lang='lat' dir='ltr'>contrafhis</span> <span class='ocrx_word' id='word_1_853' title='bbox 1433 1940 1669 1975; x_wconf 71' lang='lat' dir='ltr'>assecurationis</span> <span class='ocrx_word' id='word_1_854' title='bbox 1693 1943 1765 1976; x_wconf 86' lang='lat' dir='ltr'>vitae</span> <span class='ocrx_word' id='word_1_855' title='bbox 1791 1940 1933 1976; x_wconf 86' lang='lat' dir='ltr'>hominis</span> <span class='ocrx_word' id='word_1_856' title='bbox 1959 1939 2070 1975; x_wconf 79' lang='lat' dir='ltr'>defen-</span> 
     </span>
     <span class='ocr_line' id='line_1_105' title="bbox 1122 1989 2071 2037; baseline -0.001 -11"><span class='ocrx_word' id='word_1_857' title='bbox 1122 1991 1204 2026; x_wconf 89' lang='lat' dir='ltr'>dunt</span> <span class='ocrx_word' id='word_1_858' title='bbox 1221 1989 1720 2036; x_wconf 62' lang='lat' dir='ltr'>L«1d.M0l=·n.dejustit.tom.2‚de</span> <span class='ocrx_word' id='word_1_859' title='bbox 1732 1991 1986 2037; x_wconf 63' lang='lat' dir='ltr'>contrast.disput.</span> <span class='ocrx_word' id='word_1_860' title='bbox 1994 2002 2034 2033; x_wconf 91' lang='lat'>50</span> <span class='ocrx_word' id='word_1_861' title='bbox 2040 2004 2071 2034; x_wconf 56' lang='lat'>5⁶</span> 
     </span>
     <span class='ocr_line' id='line_1_106' title="bbox 1125 2039 2069 2090; baseline -0.004 -15"><span class='ocrx_word' id='word_1_862' title='bbox 1125 2039 1199 2090; x_wconf 72' lang='lat' dir='ltr'>ver(</span> <span class='ocrx_word' id='word_1_863' title='bbox 1208 2053 1308 2074; x_wconf 80' lang='lat' dir='ltr'>utrum</span> <span class='ocrx_word' id='word_1_864' title='bbox 1321 2049 1422 2073; x_wconf 85' lang='lat' dir='ltr'>autem</span> <span class='ocrx_word' id='word_1_865' title='bbox 1439 2041 1462 2073; x_wconf 80' lang='lat' dir='ltr'>il</span> <span class='ocrx_word' id='word_1_866' title='bbox 1480 2053 1510 2074; x_wconf 89' lang='lat'>2.</span> <span class='ocrx_word' id='word_1_867' title='bbox 1523 2039 1761 2085; x_wconf 71' lang='lat' dir='ltr'>&amp;Jo.Azor.de</span> <span class='ocrx_word' id='word_1_868' title='bbox 1775 2039 1866 2075; x_wconf 74' lang='lat' dir='ltr'>inslie.</span> <span class='ocrx_word' id='word_1_869' title='bbox 1880 2040 1985 2074; x_wconf 85' lang='lat' dir='ltr'>moral.</span> <span class='ocrx_word' id='word_1_870' title='bbox 1999 2049 2069 2086; x_wconf 76' lang='lat' dir='ltr'>par,</span> 
     </span>
     <span class='ocr_line' id='line_1_107' title="bbox 1130 2086 2073 2136; baseline -0.002 -13"><span class='ocrx_word' id='word_1_871' title='bbox 1130 2090 1362 2132; x_wconf 81' lang='lat' dir='ltr'>3.lrb.11.tit.de</span> <span class='ocrx_word' id='word_1_872' title='bbox 1375 2091 1519 2123; x_wconf 59' lang='lat' dir='ltr'>contrua.</span> <span class='ocrx_word' id='word_1_873' title='bbox 1532 2087 1671 2136; x_wconf 80' lang='lat' dir='ltr'>dub.cap.</span> <span class='ocrx_word' id='word_1_874' title='bbox 1682 2102 1692 2122; x_wconf 89' lang='grc' dir='ltr'>ι</span> <span class='ocrx_word' id='word_1_875' title='bbox 1706 2090 1735 2126; x_wconf 84' lang='grc'>8,</span> <span class='ocrx_word' id='word_1_876' title='bbox 1751 2089 1859 2125; x_wconf 57' lang='lat' dir='ltr'>dulos.</span> <span class='ocrx_word' id='word_1_877' title='bbox 1875 2089 2006 2134; x_wconf 72' lang='lat' dir='ltr'>verfinec</span> <span class='ocrx_word' id='word_1_878' title='bbox 2020 2086 2073 2121; x_wconf 86' lang='lat' dir='ltr'>ob-</span> 
     </span>
    </p>
   </div>
   <div class='ocr_carea' id='block_1_10' title="bbox 1117 2136 2074 2185">
    <p class='ocr_par' dir='ltr' id='par_1_15' title="bbox 1117 2136 2074 2185">
     <span class='ocr_line' id='line_1_108' title="bbox 1117 2136 2074 2185; baseline -0.003 -13"><span class='ocrx_word' id='word_1_879' title='bbox 1117 2140 1194 2185; x_wconf 54' lang='lat' dir='ltr'>stat,</span> <span class='ocrx_word' id='word_1_880' title='bbox 1208 2138 1374 2172; x_wconf 54' lang='lat' dir='ltr'>columnoz</span> <span class='ocrx_word' id='word_1_881' title='bbox 1384 2150 1414 2172; x_wconf 88' lang='lat'>2.</span> <span class='ocrx_word' id='word_1_882' title='bbox 1435 2141 1586 2172; x_wconf 65' lang='lat' dir='ltr'>Praeterea</span> <span class='ocrx_word' id='word_1_883' title='bbox 1602 2152 1666 2172; x_wconf 90' lang='lat' dir='ltr'>non</span> <span class='ocrx_word' id='word_1_884' title='bbox 1680 2138 1776 2174; x_wconf 88' lang='lat' dir='ltr'>datur</span> <span class='ocrx_word' id='word_1_885' title='bbox 1795 2142 1851 2173; x_wconf 90' lang='lat' dir='ltr'>uni</span> <span class='ocrx_word' id='word_1_886' title='bbox 1865 2151 1902 2174; x_wconf 89' lang='lat' dir='ltr'>ex</span> <span class='ocrx_word' id='word_1_887' title='bbox 1917 2136 2074 2184; x_wconf 81' lang='lat' dir='ltr'>sponden-</span> 
     </span>
    </p>
   </div>
   <div class='ocr_carea' id='block_1_11' title="bbox 1125 2186 2091 3656">
    <p class='ocr_par' dir='ltr' id='par_1_16' title="bbox 1125 2186 2073 2382">
     <span class='ocr_line' id='line_1_109' title="bbox 1125 2186 2072 2234; baseline -0.002 -12"><span class='ocrx_word' id='word_1_888' title='bbox 1125 2189 1210 2223; x_wconf 75' lang='lat' dir='ltr'>tibus</span> <span class='ocrx_word' id='word_1_889' title='bbox 1223 2186 1347 2222; x_wconf 83' lang='lat' dir='ltr'>occasio</span> <span class='ocrx_word' id='word_1_890' title='bbox 1364 2187 1497 2233; x_wconf 84' lang='lat' dir='ltr'>optandi</span> <span class='ocrx_word' id='word_1_891' title='bbox 1517 2200 1669 2227; x_wconf 87' lang='lat' dir='ltr'>mortem,</span> <span class='ocrx_word' id='word_1_892' title='bbox 1689 2189 1771 2234; x_wconf 88' lang='lat' dir='ltr'>quin</span> <span class='ocrx_word' id='word_1_893' title='bbox 1788 2187 1880 2222; x_wconf 86' lang='lat' dir='ltr'>alteri</span> <span class='ocrx_word' id='word_1_894' title='bbox 1895 2186 1989 2221; x_wconf 86' lang='lat' dir='ltr'>detur</span> <span class='ocrx_word' id='word_1_895' title='bbox 2015 2199 2072 2220; x_wconf 90' lang='lat' dir='ltr'>oc-</span> 
     </span>
     <span class='ocr_line' id='line_1_110' title="bbox 1126 2235 2071 2284; baseline -0.004 -11"><span class='ocrx_word' id='word_1_896' title='bbox 1126 2237 1210 2274; x_wconf 83' lang='lat' dir='ltr'>casio</span> <span class='ocrx_word' id='word_1_897' title='bbox 1223 2237 1355 2284; x_wconf 81' lang='lat' dir='ltr'>optandi</span> <span class='ocrx_word' id='word_1_898' title='bbox 1373 2238 1488 2276; x_wconf 68' lang='lat' dir='ltr'>vitam,</span> <span class='ocrx_word' id='word_1_899' title='bbox 1502 2235 1552 2270; x_wconf 88' lang='lat' dir='ltr'>sed</span> <span class='ocrx_word' id='word_1_900' title='bbox 1567 2238 1633 2271; x_wconf 85' lang='lat' dir='ltr'>haee</span> <span class='ocrx_word' id='word_1_901' title='bbox 1650 2250 1715 2271; x_wconf 91' lang='lat' dir='ltr'>non</span> <span class='ocrx_word' id='word_1_902' title='bbox 1732 2237 1773 2270; x_wconf 89' lang='lat' dir='ltr'>esl:</span> <span class='ocrx_word' id='word_1_903' title='bbox 1791 2249 1859 2272; x_wconf 81' lang='lat' dir='ltr'>tuta</span> <span class='ocrx_word' id='word_1_904' title='bbox 1872 2239 1974 2274; x_wconf 66' lang='lat' dir='ltr'>tatio,</span> <span class='ocrx_word' id='word_1_905' title='bbox 1992 2237 2071 2282; x_wconf 77' lang='lat' dir='ltr'>quia</span> 
     </span>
     <span class='ocr_line' id='line_1_111' title="bbox 1128 2285 2073 2333; baseline -0.003 -12"><span class='ocrx_word' id='word_1_906' title='bbox 1128 2289 1229 2333; x_wconf 69' lang='lat' dir='ltr'>magis</span> <span class='ocrx_word' id='word_1_907' title='bbox 1243 2285 1419 2320; x_wconf 81' lang='lat' dir='ltr'>attenditur</span> <span class='ocrx_word' id='word_1_908' title='bbox 1434 2287 1541 2324; x_wconf 86' lang='lat' dir='ltr'>causa,</span> <span class='ocrx_word' id='word_1_909' title='bbox 1557 2299 1630 2332; x_wconf 88' lang='lat' dir='ltr'>quae</span> <span class='ocrx_word' id='word_1_910' title='bbox 1649 2297 1756 2326; x_wconf 78' lang='lat' dir='ltr'>nocet,</span> <span class='ocrx_word' id='word_1_911' title='bbox 1768 2298 1803 2320; x_wconf 90' lang='lat' dir='ltr'>ut</span> <span class='ocrx_word' id='word_1_912' title='bbox 1822 2287 1854 2320; x_wconf 89' lang='lat' dir='ltr'>in</span> <span class='ocrx_word' id='word_1_913' title='bbox 1877 2285 1948 2319; x_wconf 84' lang='lat' dir='ltr'>aliis</span> <span class='ocrx_word' id='word_1_914' title='bbox 1960 2286 2073 2319; x_wconf 88' lang='lat' dir='ltr'>termi-</span> 
     </span>
     <span class='ocr_line' id='line_1_112' title="bbox 1129 2334 1636 2382; baseline -0.004 -11"><span class='ocrx_word' id='word_1_915' title='bbox 1129 2339 1177 2371; x_wconf 84' lang='lat' dir='ltr'>nis</span> <span class='ocrx_word' id='word_1_916' title='bbox 1192 2334 1294 2382; x_wconf 83' lang='lat' dir='ltr'>scripsi</span> <span class='ocrx_word' id='word_1_917' title='bbox 1315 2334 1405 2382; x_wconf 84' lang='lat' dir='ltr'>supra</span> <span class='ocrx_word' id='word_1_918' title='bbox 1418 2335 1472 2381; x_wconf 77' lang='lat' dir='ltr'>fiab</span> <span class='ocrx_word' id='word_1_919' title='bbox 1490 2348 1560 2367; x_wconf 88' lang='lat' dir='ltr'>num</span> <span class='ocrx_word' id='word_1_920' title='bbox 1576 2348 1636 2376; x_wconf 87' lang='lat'>4⁷·</span> 
     </span>
    </p>

    <p class='ocr_par' dir='ltr' id='par_1_17' title="bbox 1128 2381 2086 3171">
     <span class='ocr_line' id='line_1_113' title="bbox 1175 2381 2074 2432; baseline -0.007 -11"><span class='ocrx_word' id='word_1_921' title='bbox 1175 2386 1353 2421; x_wconf 67' lang='lat' dir='ltr'>Commio</span> <span class='ocrx_word' id='word_1_922' title='bbox 1368 2386 1502 2430; x_wconf 80' lang='lat' dir='ltr'>opinio,</span> <span class='ocrx_word' id='word_1_923' title='bbox 1524 2383 1616 2431; x_wconf 90' lang='lat' dir='ltr'>quod</span> <span class='ocrx_word' id='word_1_924' title='bbox 1635 2384 1700 2419; x_wconf 78' lang='lat' dir='ltr'>haec</span> <span class='ocrx_word' id='word_1_925' title='bbox 1719 2382 1844 2432; x_wconf 82' lang='lat' dir='ltr'>sponsio</span> <span class='ocrx_word' id='word_1_926' title='bbox 1868 2394 1934 2417; x_wconf 88' lang='lat' dir='ltr'>non</span> <span class='ocrx_word' id='word_1_927' title='bbox 1959 2382 1994 2416; x_wconf 87' lang='lat' dir='ltr'>sit</span> <span class='ocrx_word' id='word_1_928' title='bbox 2016 2381 2074 2415; x_wconf 88' lang='lat' dir='ltr'>ad-</span> 
     </span>
     <span class='ocr_line' id='line_1_114' title="bbox 1129 2430 2076 2481; baseline -0.005 -12"><span class='ocrx_word' id='word_1_929' title='bbox 1129 2434 1286 2469; x_wconf 84' lang='lat' dir='ltr'>mittenda</span> <span class='ocrx_word' id='word_1_930' title='bbox 1304 2460 1313 2473; x_wconf 92' lang='lat'>‚</span> <span class='ocrx_word' id='word_1_931' title='bbox 1331 2432 1482 2467; x_wconf 83' lang='lat' dir='ltr'>suadetur</span> <span class='ocrx_word' id='word_1_932' title='bbox 1501 2433 1562 2467; x_wconf 88' lang='lat' dir='ltr'>hoc</span> <span class='ocrx_word' id='word_1_933' title='bbox 1576 2444 1770 2481; x_wconf 80' lang='lat' dir='ltr'>argumento</span> <span class='ocrx_word' id='word_1_934' title='bbox 1783 2460 1794 2474; x_wconf 90' lang='lat'><strong><em>,</em></strong></span> <span class='ocrx_word' id='word_1_935' title='bbox 1815 2436 1894 2481; x_wconf 87' lang='lat' dir='ltr'>quia</span> <span class='ocrx_word' id='word_1_936' title='bbox 1917 2430 2076 2478; x_wconf 79' lang='lat' dir='ltr'>ejusmodi</span> 
     </span>
     <span class='ocr_line' id='line_1_115' title="bbox 1128 2481 2076 2530; baseline -0.005 -12"><span class='ocrx_word' id='word_1_937' title='bbox 1128 2483 1254 2530; x_wconf 82' lang='lat' dir='ltr'>sponsio</span> <span class='ocrx_word' id='word_1_938' title='bbox 1272 2483 1310 2516; x_wconf 91' lang='lat' dir='ltr'>de</span> <span class='ocrx_word' id='word_1_939' title='bbox 1333 2481 1421 2516; x_wconf 70' lang='lat' dir='ltr'>faeni</span> <span class='ocrx_word' id='word_1_940' title='bbox 1445 2483 1543 2528; x_wconf 84' lang='lat' dir='ltr'>potest</span> <span class='ocrx_word' id='word_1_941' title='bbox 1569 2482 1698 2516; x_wconf 85' lang='lat' dir='ltr'>turbare</span> <span class='ocrx_word' id='word_1_942' title='bbox 1722 2494 1862 2518; x_wconf 84' lang='lat' dir='ltr'>mentem</span> <span class='ocrx_word' id='word_1_943' title='bbox 1889 2482 2042 2528; x_wconf 88' lang='lat' dir='ltr'>principis</span> <span class='ocrx_word' id='word_1_944' title='bbox 2066 2503 2076 2518; x_wconf 53' lang='lat'>9</span> 
     </span>
     <span class='ocr_line' id='line_1_116' title="bbox 1130 2531 2076 2580; baseline -0.005 -13"><span class='ocrx_word' id='word_1_945' title='bbox 1130 2538 1160 2567; x_wconf 75' lang='grc' dir='ltr'>δι</span> <span class='ocrx_word' id='word_1_946' title='bbox 1181 2532 1272 2567; x_wconf 86' lang='lat' dir='ltr'>illum</span> <span class='ocrx_word' id='word_1_947' title='bbox 1292 2545 1420 2566; x_wconf 85' lang='lat' dir='ltr'>movere</span> <span class='ocrx_word' id='word_1_948' title='bbox 1439 2531 1481 2566; x_wconf 86' lang='lat' dir='ltr'>ad</span> <span class='ocrx_word' id='word_1_949' title='bbox 1505 2543 1670 2579; x_wconf 67' lang='lat' dir='ltr'>magnai-na</span> <span class='ocrx_word' id='word_1_950' title='bbox 1686 2531 1945 2580; x_wconf 88' lang='lat' dir='ltr'>indignationem</span> <span class='ocrx_word' id='word_1_951' title='bbox 1963 2542 2076 2564; x_wconf 86' lang='lat' dir='ltr'>contra.</span> 
     </span>
     <span class='ocr_line' id='line_1_117' title="bbox 1130 2580 2077 2630; baseline -0.004 -14"><span class='ocrx_word' id='word_1_952' title='bbox 1130 2582 1320 2630; x_wconf 83' lang='lat' dir='ltr'>spondentes</span> <span class='ocrx_word' id='word_1_953' title='bbox 1340 2607 1347 2619; x_wconf 88' lang='lat'>‚</span> <span class='ocrx_word' id='word_1_954' title='bbox 1372 2593 1428 2615; x_wconf 90' lang='lat' dir='ltr'>aut</span> <span class='ocrx_word' id='word_1_955' title='bbox 1455 2580 1564 2616; x_wconf 75' lang='lat' dir='ltr'>saltem</span> <span class='ocrx_word' id='word_1_956' title='bbox 1584 2593 1696 2615; x_wconf 88' lang='lat' dir='ltr'>contra</span> <span class='ocrx_word' id='word_1_957' title='bbox 1718 2581 1856 2616; x_wconf 87' lang='lat' dir='ltr'>alterum</span> <span class='ocrx_word' id='word_1_958' title='bbox 1873 2593 1987 2615; x_wconf 84' lang='lat' dir='ltr'>eorum</span> <span class='ocrx_word' id='word_1_959' title='bbox 2003 2604 2014 2619; x_wconf 93' lang='lat'><em>,</em></span> <span class='ocrx_word' id='word_1_960' title='bbox 2039 2591 2077 2612; x_wconf 85' lang='lat' dir='ltr'>ex</span> 
     </span>
     <span class='ocr_line' id='line_1_118' title="bbox 1130 2626 2078 2680; baseline -0.006 -13"><span class='ocrx_word' id='word_1_961' title='bbox 1130 2645 1198 2680; x_wconf 89' lang='lat' dir='ltr'>quo</span> <span class='ocrx_word' id='word_1_962' title='bbox 1214 2630 1360 2666; x_wconf 86' lang='lat' dir='ltr'>naturale</span> <span class='ocrx_word' id='word_1_963' title='bbox 1374 2632 1416 2664; x_wconf 82' lang='lat' dir='ltr'>est</span> <span class='ocrx_word' id='word_1_964' title='bbox 1435 2655 1444 2669; x_wconf 88' lang='lat'><strong>,</strong></span> <span class='ocrx_word' id='word_1_965' title='bbox 1469 2642 1504 2665; x_wconf 87' lang='lat' dir='ltr'>ut</span> <span class='ocrx_word' id='word_1_966' title='bbox 1522 2629 1709 2678; x_wconf 85' lang='lat' dir='ltr'>indignetur</span> <span class='ocrx_word' id='word_1_967' title='bbox 1726 2632 1765 2670; x_wconf 89' lang='lat' dir='ltr'>is,</span> <span class='ocrx_word' id='word_1_968' title='bbox 1781 2633 1876 2676; x_wconf 83' lang='lat' dir='ltr'>cujus</span> <span class='ocrx_word' id='word_1_969' title='bbox 1888 2641 1975 2664; x_wconf 85' lang='lat' dir='ltr'>mors</span> <span class='ocrx_word' id='word_1_970' title='bbox 1989 2653 2000 2666; x_wconf 90' lang='lat'>‚</span> <span class='ocrx_word' id='word_1_971' title='bbox 2025 2626 2078 2662; x_wconf 88' lang='lat' dir='ltr'>seu</span> 
     </span>
     <span class='ocr_line' id='line_1_119' title="bbox 1134 2678 2080 2727; baseline -0.006 -11"><span class='ocrx_word' id='word_1_972' title='bbox 1134 2682 1214 2716; x_wconf 86' lang='lat' dir='ltr'>alius</span> <span class='ocrx_word' id='word_1_973' title='bbox 1226 2682 1321 2715; x_wconf 80' lang='lat' dir='ltr'>tristis</span> <span class='ocrx_word' id='word_1_974' title='bbox 1334 2692 1449 2714; x_wconf 87' lang='lat' dir='ltr'>ventus</span> <span class='ocrx_word' id='word_1_975' title='bbox 1465 2679 1593 2714; x_wconf 83' lang='lat' dir='ltr'>videtur</span> <span class='ocrx_word' id='word_1_976' title='bbox 1615 2687 1745 2727; x_wconf 85' lang='lat' dir='ltr'>optatus</span> <span class='ocrx_word' id='word_1_977' title='bbox 1759 2684 1812 2721; x_wconf 78' lang='lat'>3&amp;</span> <span class='ocrx_word' id='word_1_978' title='bbox 1828 2704 1837 2719; x_wconf 88' lang='lat'>‚</span> <span class='ocrx_word' id='word_1_979' title='bbox 1854 2678 2080 2725; x_wconf 83' lang='lat' dir='ltr'>indignatione</span> 
     </span>
     <span class='ocr_line' id='line_1_120' title="bbox 1133 2726 2080 2776; baseline -0.006 -10"><span class='ocrx_word' id='word_1_980' title='bbox 1133 2731 1289 2776; x_wconf 86' lang='lat' dir='ltr'>Principis</span> <span class='ocrx_word' id='word_1_981' title='bbox 1303 2730 1440 2764; x_wconf 80' lang='lat' dir='ltr'>excitata</span> <span class='ocrx_word' id='word_1_982' title='bbox 1453 2755 1463 2768; x_wconf 91' lang='lat'><strong><em>,</em></strong></span> <span class='ocrx_word' id='word_1_983' title='bbox 1482 2728 1659 2774; x_wconf 83' lang='lat' dir='ltr'>periculum</span> <span class='ocrx_word' id='word_1_984' title='bbox 1676 2731 1748 2764; x_wconf 82' lang='lat' dir='ltr'>vitae</span> <span class='ocrx_word' id='word_1_985' title='bbox 1762 2755 1772 2768; x_wconf 92' lang='lat'>‚</span> <span class='ocrx_word' id='word_1_986' title='bbox 1793 2733 1825 2764; x_wconf 89' lang='lat'>&amp;</span> <span class='ocrx_word' id='word_1_987' title='bbox 1840 2741 1946 2764; x_wconf 88' lang='lat' dir='ltr'>rerum</span> <span class='ocrx_word' id='word_1_988' title='bbox 1967 2728 2001 2762; x_wconf 89' lang='lat' dir='ltr'>in</span> <span class='ocrx_word' id='word_1_989' title='bbox 2016 2726 2080 2761; x_wconf 81' lang='lat' dir='ltr'>mi·</span> 
     </span>
     <span class='ocr_line' id='line_1_121' title="bbox 1134 2775 2083 2826; baseline -0.006 -11"><span class='ocrx_word' id='word_1_990' title='bbox 1134 2779 1273 2819; x_wconf 75' lang='lat' dir='ltr'>merilli,</span> <span class='ocrx_word' id='word_1_991' title='bbox 1295 2790 1408 2813; x_wconf 89' lang='lat' dir='ltr'>contra</span> <span class='ocrx_word' id='word_1_992' title='bbox 1429 2788 1527 2825; x_wconf 83' lang='lat' dir='ltr'>quern</span> <span class='ocrx_word' id='word_1_993' title='bbox 1552 2778 1594 2813; x_wconf 87' lang='lat' dir='ltr'>est</span> <span class='ocrx_word' id='word_1_994' title='bbox 1608 2779 1766 2818; x_wconf 85' lang='lat' dir='ltr'>excitata,</span> <span class='ocrx_word' id='word_1_995' title='bbox 1791 2778 1930 2826; x_wconf 86' lang='lat' dir='ltr'>ideoque</span> <span class='ocrx_word' id='word_1_996' title='bbox 1954 2775 2083 2811; x_wconf 85' lang='lat' dir='ltr'>videtur</span> 
     </span>
     <span class='ocr_line' id='line_1_122' title="bbox 1134 2826 2084 2875; baseline -0.006 -11"><span class='ocrx_word' id='word_1_997' title='bbox 1134 2842 1247 2864; x_wconf 89' lang='lat' dir='ltr'>contra</span> <span class='ocrx_word' id='word_1_998' title='bbox 1264 2828 1369 2862; x_wconf 84' lang='lat' dir='ltr'>bonos</span> <span class='ocrx_word' id='word_1_999' title='bbox 1396 2840 1519 2866; x_wconf 88' lang='lat' dir='ltr'>mores,</span> <span class='ocrx_word' id='word_1_1000' title='bbox 1538 2830 1571 2861; x_wconf 90' lang='lat'>&amp;</span> <span class='ocrx_word' id='word_1_1001' title='bbox 1587 2827 1752 2863; x_wconf 85' lang='lat' dir='ltr'>inhonesta</span> <span class='ocrx_word' id='word_1_1002' title='bbox 1779 2842 1788 2869; x_wconf 81' lang='lat'><em>3</em></span> <span class='ocrx_word' id='word_1_1003' title='bbox 1816 2827 1943 2875; x_wconf 89' lang='lat' dir='ltr'>hacque</span> <span class='ocrx_word' id='word_1_1004' title='bbox 1959 2826 2084 2860; x_wconf 82' lang='lat' dir='ltr'>ratione</span> 
     </span>
     <span class='ocr_line' id='line_1_123' title="bbox 1136 2876 2083 2926; baseline -0.006 -12"><span class='ocrx_word' id='word_1_1005' title='bbox 1136 2879 1309 2926; x_wconf 87' lang='lat' dir='ltr'>prudenter</span> <span class='ocrx_word' id='word_1_1006' title='bbox 1322 2880 1515 2912; x_wconf 59' lang='lat' dir='ltr'>sacomam</span> <span class='ocrx_word' id='word_1_1007' title='bbox 1528 2876 1688 2924; x_wconf 82' lang='lat' dir='ltr'>lib.4.cap.</span> <span class='ocrx_word' id='word_1_1008' title='bbox 1699 2891 1746 2919; x_wconf 80' lang='lat'>¹7·</span> <span class='ocrx_word' id='word_1_1009' title='bbox 1763 2877 1852 2925; x_wconf 81' lang='lat' dir='ltr'>§.stne</span> <span class='ocrx_word' id='word_1_1010' title='bbox 1867 2876 1990 2910; x_wconf 73' lang='lat' dir='ltr'>licentia</span> <span class='ocrx_word' id='word_1_1011' title='bbox 2009 2887 2083 2922; x_wconf 73' lang='lat' dir='ltr'>pto·</span> 
     </span>
     <span class='ocr_line' id='line_1_124' title="bbox 1136 2922 2084 2974; baseline -0.006 -11"><span class='ocrx_word' id='word_1_1012' title='bbox 1136 2928 1262 2966; x_wconf 85' lang='lat' dir='ltr'>hibent,</span> <span class='ocrx_word' id='word_1_1013' title='bbox 1278 2926 1344 2960; x_wconf 83' lang='lat' dir='ltr'>fieri</span> <span class='ocrx_word' id='word_1_1014' title='bbox 1359 2925 1548 2960; x_wconf 82' lang='lat' dir='ltr'>vadimonia</span> <span class='ocrx_word' id='word_1_1015' title='bbox 1563 2924 1655 2974; x_wconf 88' lang='lat' dir='ltr'>super</span> <span class='ocrx_word' id='word_1_1016' title='bbox 1669 2927 1736 2960; x_wconf 88' lang='lat' dir='ltr'>vita</span> <span class='ocrx_word' id='word_1_1017' title='bbox 1753 2926 1942 2972; x_wconf 85' lang='lat' dir='ltr'>Principum</span> <span class='ocrx_word' id='word_1_1018' title='bbox 1957 2922 2022 2958; x_wconf 84' lang='lat' dir='ltr'>fine</span> <span class='ocrx_word' id='word_1_1019' title='bbox 2043 2922 2084 2958; x_wconf 88' lang='lat' dir='ltr'>li-</span> 
     </span>
     <span class='ocr_line' id='line_1_125' title="bbox 1136 2973 2085 3019; baseline -0.006 -7"><span class='ocrx_word' id='word_1_1020' title='bbox 1136 2979 1242 3013; x_wconf 90' lang='lat' dir='ltr'>centia</span> <span class='ocrx_word' id='word_1_1021' title='bbox 1255 2978 1390 3010; x_wconf 77' lang='lat' dir='ltr'>Senatus</span> <span class='ocrx_word' id='word_1_1022' title='bbox 1405 2989 1414 3016; x_wconf 70' lang='grc' dir='ltr'><strong>ς</strong></span> <span class='ocrx_word' id='word_1_1023' title='bbox 1433 2979 1460 3010; x_wconf 53' lang='grc' dir='ltr'>’ὲ</span> <span class='ocrx_word' id='word_1_1024' title='bbox 1476 2976 1607 3010; x_wconf 67' lang='lat' dir='ltr'>Paulde</span> <span class='ocrx_word' id='word_1_1025' title='bbox 1623 2974 1707 3019; x_wconf 83' lang='lat' dir='ltr'>castr</span> <span class='ocrx_word' id='word_1_1026' title='bbox 1723 2974 1826 3010; x_wconf 89' lang='lat' dir='ltr'>noluit</span> <span class='ocrx_word' id='word_1_1027' title='bbox 1842 2973 2006 3009; x_wconf 84' lang='lat' dir='ltr'>consulere</span> <span class='ocrx_word' id='word_1_1028' title='bbox 2019 2999 2029 3011; x_wconf 96' lang='lat'><em>,</em></span> <span class='ocrx_word' id='word_1_1029' title='bbox 2046 2982 2085 3007; x_wconf 82' lang='lat' dir='ltr'>ut</span> 
     </span>
     <span class='ocr_line' id='line_1_126' title="bbox 1137 3020 2085 3072; baseline -0.008 -9"><span class='ocrx_word' id='word_1_1030' title='bbox 1137 3025 1232 3063; x_wconf 87' lang='lat' dir='ltr'>retuli</span> <span class='ocrx_word' id='word_1_1031' title='bbox 1248 3025 1339 3071; x_wconf 81' lang='lat' dir='ltr'>supra</span> <span class='ocrx_word' id='word_1_1032' title='bbox 1352 3024 1407 3072; x_wconf 76' lang='lat' dir='ltr'>fiab</span> <span class='ocrx_word' id='word_1_1033' title='bbox 1422 3024 1567 3059; x_wconf 74' lang='lat' dir='ltr'>num.88.</span> <span class='ocrx_word' id='word_1_1034' title='bbox 1586 3024 1776 3072; x_wconf 88' lang='lat' dir='ltr'>prudentius</span> <span class='ocrx_word' id='word_1_1035' title='bbox 1794 3022 1912 3059; x_wconf 89' lang='lat' dir='ltr'>facient</span> <span class='ocrx_word' id='word_1_1036' title='bbox 1930 3049 1941 3063; x_wconf 90' lang='lat'>,</span> <span class='ocrx_word' id='word_1_1037' title='bbox 1964 3023 2021 3069; x_wconf 91' lang='lat' dir='ltr'>qui</span> <span class='ocrx_word' id='word_1_1038' title='bbox 2043 3020 2085 3055; x_wconf 86' lang='lat' dir='ltr'>ab</span> 
     </span>
     <span class='ocr_line' id='line_1_127' title="bbox 1137 3068 2086 3122; baseline -0.006 -11"><span class='ocrx_word' id='word_1_1039' title='bbox 1137 3074 1295 3115; x_wconf 60' lang='lat' dir='ltr'>eiusmodi</span> <span class='ocrx_word' id='word_1_1040' title='bbox 1320 3072 1544 3120; x_wconf 86' lang='lat' dir='ltr'>sponsionibus</span> <span class='ocrx_word' id='word_1_1041' title='bbox 1560 3097 1571 3113; x_wconf 81' lang='grc'>,</span> <span class='ocrx_word' id='word_1_1042' title='bbox 1595 3072 1731 3122; x_wconf 86' lang='lat' dir='ltr'>quando</span> <span class='ocrx_word' id='word_1_1043' title='bbox 1754 3073 1851 3109; x_wconf 87' lang='lat' dir='ltr'>exeis</span> <span class='ocrx_word' id='word_1_1044' title='bbox 1873 3072 1974 3121; x_wconf 86' lang='lat' dir='ltr'>potest</span> <span class='ocrx_word' id='word_1_1045' title='bbox 1994 3068 2086 3106; x_wconf 69' lang='lat' dir='ltr'>irasd</span> 
     </span>
     <span class='ocr_line' id='line_1_128' title="bbox 1138 3122 1534 3171; baseline -0.018 -9"><span class='ocrx_word' id='word_1_1046' title='bbox 1138 3127 1303 3171; x_wconf 85' lang='lat' dir='ltr'>Princeps,</span> <span class='ocrx_word' id='word_1_1047' title='bbox 1315 3122 1534 3158; x_wconf 81' lang='lat' dir='ltr'>abstinebunt.</span> 
     </span>
    </p>

    <p class='ocr_par' dir='ltr' id='par_1_18' title="bbox 1186 3169 1829 3219">
     <span class='ocr_line' id='line_1_129' title="bbox 1186 3169 1829 3219; baseline -0.003 -11"><span class='ocrx_word' id='word_1_1048' title='bbox 1186 3173 1374 3212; x_wconf 86' lang='lat' dir='ltr'>Concludo,</span> <span class='ocrx_word' id='word_1_1049' title='bbox 1389 3171 1615 3219; x_wconf 79' lang='lat' dir='ltr'>distinguendo</span> <span class='ocrx_word' id='word_1_1050' title='bbox 1629 3170 1713 3206; x_wconf 86' lang='lat' dir='ltr'>duos</span> <span class='ocrx_word' id='word_1_1051' title='bbox 1726 3169 1829 3207; x_wconf 84' lang='lat' dir='ltr'>casus.</span> 
     </span>
    </p>

    <p class='ocr_par' dir='ltr' id='par_1_19' title="bbox 1138 3216 2088 3613">
     <span class='ocr_line' id='line_1_130' title="bbox 1188 3216 2088 3268; baseline -0.007 -11"><span class='ocrx_word' id='word_1_1052' title='bbox 1188 3225 1316 3258; x_wconf 78' lang='lat' dir='ltr'>Primus</span> <span class='ocrx_word' id='word_1_1053' title='bbox 1333 3220 1420 3256; x_wconf 83' lang='lat' dir='ltr'>casus</span> <span class='ocrx_word' id='word_1_1054' title='bbox 1436 3223 1477 3255; x_wconf 89' lang='lat' dir='ltr'>est</span> <span class='ocrx_word' id='word_1_1055' title='bbox 1498 3247 1506 3260; x_wconf 94' lang='lat'><strong>,</strong></span> <span class='ocrx_word' id='word_1_1056' title='bbox 1531 3221 1666 3268; x_wconf 85' lang='lat' dir='ltr'>qnando</span> <span class='ocrx_word' id='word_1_1057' title='bbox 1681 3233 1717 3255; x_wconf 91' lang='lat' dir='ltr'>ex</span> <span class='ocrx_word' id='word_1_1058' title='bbox 1735 3218 1892 3267; x_wconf 85' lang='lat' dir='ltr'>ejusmodi</span> <span class='ocrx_word' id='word_1_1059' title='bbox 1919 3216 2088 3266; x_wconf 84' lang='lat' dir='ltr'>sponsione</span> 
     </span>
     <span class='ocr_line' id='line_1_131' title="bbox 1139 3265 2087 3320; baseline -0.005 -14"><span class='ocrx_word' id='word_1_1060' title='bbox 1139 3273 1239 3320; x_wconf 82' lang='lat' dir='ltr'>potest</span> <span class='ocrx_word' id='word_1_1061' title='bbox 1258 3269 1347 3305; x_wconf 86' lang='lat' dir='ltr'>irasci</span> <span class='ocrx_word' id='word_1_1062' title='bbox 1363 3273 1492 3305; x_wconf 84' lang='lat' dir='ltr'>animus</span> <span class='ocrx_word' id='word_1_1063' title='bbox 1506 3270 1664 3317; x_wconf 85' lang='lat' dir='ltr'>Principis</span> <span class='ocrx_word' id='word_1_1064' title='bbox 1679 3296 1689 3310; x_wconf 87' lang='lat'>‚</span> <span class='ocrx_word' id='word_1_1065' title='bbox 1718 3268 1769 3304; x_wconf 90' lang='lat' dir='ltr'>seu</span> <span class='ocrx_word' id='word_1_1066' title='bbox 1792 3269 1927 3304; x_wconf 85' lang='lat' dir='ltr'>alterius</span> <span class='ocrx_word' id='word_1_1067' title='bbox 1952 3265 2087 3313; x_wconf 77' lang='lat' dir='ltr'>persona</span> 
     </span>
     <span class='ocr_line' id='line_1_132' title="bbox 1138 3317 2087 3367; baseline -0.006 -11"><span class='ocrx_word' id='word_1_1068' title='bbox 1138 3324 1236 3356; x_wconf 87' lang='lat' dir='ltr'>etiam</span> <span class='ocrx_word' id='word_1_1069' title='bbox 1255 3322 1399 3367; x_wconf 71' lang='lat' dir='ltr'>privatae,</span> <span class='ocrx_word' id='word_1_1070' title='bbox 1415 3325 1448 3354; x_wconf 84' lang='lat'>&amp;</span> <span class='ocrx_word' id='word_1_1071' title='bbox 1462 3332 1498 3353; x_wconf 80' lang='lat' dir='ltr'>ex</span> <span class='ocrx_word' id='word_1_1072' title='bbox 1515 3318 1567 3353; x_wconf 87' lang='lat' dir='ltr'>illa</span> <span class='ocrx_word' id='word_1_1073' title='bbox 1584 3321 1629 3354; x_wconf 82' lang='lat' dir='ltr'>ita</span> <span class='ocrx_word' id='word_1_1074' title='bbox 1646 3318 1772 3366; x_wconf 83' lang='lat' dir='ltr'>possunt</span> <span class='ocrx_word' id='word_1_1075' title='bbox 1788 3317 1874 3366; x_wconf 88' lang='lat' dir='ltr'>sequi</span> <span class='ocrx_word' id='word_1_1076' title='bbox 1891 3318 2011 3352; x_wconf 85' lang='lat' dir='ltr'>damna</span> <span class='ocrx_word' id='word_1_1077' title='bbox 2027 3341 2037 3355; x_wconf 90' lang='lat'>,</span> <span class='ocrx_word' id='word_1_1078' title='bbox 2053 3319 2087 3349; x_wconf 91' lang='lat'><strong>&amp;</strong></span> 
     </span>
     <span class='ocr_line' id='line_1_133' title="bbox 1138 3362 2087 3415; baseline -0.006 -10"><span class='ocrx_word' id='word_1_1079' title='bbox 1138 3370 1398 3405; x_wconf 78' lang='lat' dir='ltr'>inconvenientia</span> <span class='ocrx_word' id='word_1_1080' title='bbox 1421 3381 1428 3403; x_wconf 89' lang='lat'>:</span> <span class='ocrx_word' id='word_1_1081' title='bbox 1456 3366 1562 3403; x_wconf 85' lang='lat' dir='ltr'>&amp;isto</span> <span class='ocrx_word' id='word_1_1082' title='bbox 1589 3368 1662 3403; x_wconf 83' lang='lat' dir='ltr'>casu</span> <span class='ocrx_word' id='word_1_1083' title='bbox 1685 3369 1784 3407; x_wconf 90' lang='lat' dir='ltr'>dico,</span> <span class='ocrx_word' id='word_1_1084' title='bbox 1803 3366 2003 3415; x_wconf 85' lang='lat' dir='ltr'>sponsionem</span> <span class='ocrx_word' id='word_1_1085' title='bbox 2029 3362 2087 3400; x_wconf 73' lang='lat' dir='ltr'>elle</span> 
     </span>
     <span class='ocr_line' id='line_1_134' title="bbox 1138 3412 2088 3465; baseline -0.007 -10"><span class='ocrx_word' id='word_1_1086' title='bbox 1138 3418 1385 3456; x_wconf 83' lang='lat' dir='ltr'>inlionestam‚&amp;</span> <span class='ocrx_word' id='word_1_1087' title='bbox 1402 3417 1475 3452; x_wconf 92' lang='lat' dir='ltr'>ideo</span> <span class='ocrx_word' id='word_1_1088' title='bbox 1490 3417 1741 3465; x_wconf 81' lang='lat' dir='ltr'>prohibendam,</span> <span class='ocrx_word' id='word_1_1089' title='bbox 1757 3422 1788 3452; x_wconf 74' lang='grc' dir='ltr'>δι</span> <span class='ocrx_word' id='word_1_1090' title='bbox 1803 3418 1882 3464; x_wconf 86' lang='lat' dir='ltr'>quia</span> <span class='ocrx_word' id='word_1_1091' title='bbox 1897 3413 2025 3463; x_wconf 88' lang='lat' dir='ltr'>sponsio</span> <span class='ocrx_word' id='word_1_1092' title='bbox 2050 3412 2088 3448; x_wconf 85' lang='lat' dir='ltr'>fit</span> 
     </span>
     <span class='ocr_line' id='line_1_135' title="bbox 1138 3464 2087 3514; baseline -0.007 -11"><span class='ocrx_word' id='word_1_1093' title='bbox 1138 3469 1202 3504; x_wconf 80' lang='lat' dir='ltr'>sine</span> <span class='ocrx_word' id='word_1_1094' title='bbox 1224 3467 1340 3514; x_wconf 81' lang='lat' dir='ltr'>judicis</span> <span class='ocrx_word' id='word_1_1095' title='bbox 1361 3467 1554 3501; x_wconf 64' lang='lat' dir='ltr'>auctoritate</span> <span class='ocrx_word' id='word_1_1096' title='bbox 1570 3492 1580 3506; x_wconf 90' lang='lat'>‚</span> <span class='ocrx_word' id='word_1_1097' title='bbox 1601 3470 1634 3501; x_wconf 86' lang='lat'>&amp;</span> <span class='ocrx_word' id='word_1_1098' title='bbox 1651 3478 1694 3501; x_wconf 90' lang='lat' dir='ltr'>an</span> <span class='ocrx_word' id='word_1_1099' title='bbox 1720 3464 1846 3513; x_wconf 89' lang='lat' dir='ltr'>sponsio</span> <span class='ocrx_word' id='word_1_1100' title='bbox 1867 3464 1903 3500; x_wconf 86' lang='lat' dir='ltr'>sit</span> <span class='ocrx_word' id='word_1_1101' title='bbox 1923 3464 2052 3498; x_wconf 81' lang='lat' dir='ltr'>honesta</span> <span class='ocrx_word' id='word_1_1102' title='bbox 2076 3487 2087 3500; x_wconf 87' lang='lat'>,</span> 
     </span>
     <span class='ocr_line' id='line_1_136' title="bbox 1138 3511 2088 3564; baseline -0.005 -13"><span class='ocrx_word' id='word_1_1103' title='bbox 1138 3517 1328 3564; x_wconf 83' lang='lat' dir='ltr'>spondentes</span> <span class='ocrx_word' id='word_1_1104' title='bbox 1344 3514 1534 3563; x_wconf 86' lang='lat' dir='ltr'>cognoscere</span> <span class='ocrx_word' id='word_1_1105' title='bbox 1551 3528 1617 3550; x_wconf 90' lang='lat' dir='ltr'>non</span> <span class='ocrx_word' id='word_1_1106' title='bbox 1631 3514 1749 3549; x_wconf 89' lang='lat' dir='ltr'>debent</span> <span class='ocrx_word' id='word_1_1107' title='bbox 1763 3540 1773 3553; x_wconf 89' lang='lat'><em>‚</em></span> <span class='ocrx_word' id='word_1_1108' title='bbox 1803 3521 1832 3549; x_wconf 75' lang='lat'>6&lt;</span> <span class='ocrx_word' id='word_1_1109' title='bbox 1848 3511 1933 3549; x_wconf 61' lang='lat' dir='ltr'>faeta</span> <span class='ocrx_word' id='word_1_1110' title='bbox 1953 3516 1985 3546; x_wconf 90' lang='lat' dir='ltr'>in</span> <span class='ocrx_word' id='word_1_1111' title='bbox 2008 3525 2088 3546; x_wconf 87' lang='lat' dir='ltr'>cau-</span> 
     </span>
     <span class='ocr_line' id='line_1_137' title="bbox 1138 3560 2087 3613; baseline -0.009 -11"><span class='ocrx_word' id='word_1_1112' title='bbox 1138 3566 1168 3602; x_wconf 84' lang='lat' dir='ltr'>sa</span> <span class='ocrx_word' id='word_1_1113' title='bbox 1184 3567 1363 3606; x_wconf 87' lang='lat' dir='ltr'>inhonesta,</span> <span class='ocrx_word' id='word_1_1114' title='bbox 1377 3564 1475 3613; x_wconf 76' lang='lat' dir='ltr'>posset</span> <span class='ocrx_word' id='word_1_1115' title='bbox 1489 3577 1598 3611; x_wconf 86' lang='lat' dir='ltr'>parere</span> <span class='ocrx_word' id='word_1_1116' title='bbox 1616 3564 1890 3602; x_wconf 84' lang='lat' dir='ltr'>inconvenientia,</span> <span class='ocrx_word' id='word_1_1117' title='bbox 1904 3563 2024 3611; x_wconf 86' lang='lat' dir='ltr'>quibus</span> <span class='ocrx_word' id='word_1_1118' title='bbox 2038 3560 2087 3594; x_wconf 73' lang='lat' dir='ltr'>leit</span> 
     </span>
    </p>

    <p class='ocr_par' dir='ltr' id='par_1_20' title="bbox 1710 3610 2091 3656">
     <span class='ocr_line' id='line_1_138' title="bbox 1710 3610 2091 3656; baseline -0.016 -10"><span class='ocrx_word' id='word_1_1119' title='bbox 1710 3615 1734 3646; x_wconf 88' lang='lat' dir='ltr'>B</span> <span class='ocrx_word' id='word_1_1120' title='bbox 1774 3625 1788 3656; x_wconf 79' lang='lat'>3</span> <span class='ocrx_word' id='word_1_1121' title='bbox 1957 3610 2091 3644; x_wconf 82' lang='lat' dir='ltr'>obviare</span> 
     </span>
    </p>
   </div>
   <div class='ocr_carea' id='block_1_12' title="bbox 2092 339 2140 372">
    <p class='ocr_par' dir='ltr' id='par_1_21' title="bbox 2092 339 2140 372">
     <span class='ocr_line' id='line_1_139' title="bbox 2092 339 2140 372; baseline 0.021 -1"><span class='ocrx_word' id='word_1_1122' title='bbox 2092 339 2140 372; x_wconf 75' lang='lat'>57</span> 
     </span>
    </p>
   </div>
  </div>
 </body>
</html>
