2400 3939
838 132 886 194 §.
937 128 1025 184 II.
1076 122 1258 185 Gloff.
1306 123 1385 183 V.

143 216 280 249 Bertaz.
301 213 335 248 d.
349 224 434 247 num.
454 223 484 245 2.
514 214 547 249 ὃς
567 211 665 260 quod
693 212 723 245 in
747 211 1022 258 stipulatu-‚nibus
1037 242 1046 255 ,
1075 218 1107 250 ὃς

143 261 277 297 caeteris
300 260 530 296 contraetibus
557 260 686 306 semper
712 259 892 307 sequamur
921 262 978 302 id,
1011 263 1110 310 quod

141 310 251 344 astum
278 310 348 351 est,
395 309 428 342 ὃς
453 319 495 342 eo
522 320 589 342 non
617 318 799 353 apparente
821 334 830 347 ,
868 310 964 355 quod
996 310 1029 343 in
1063 322 1111 344 re-

141 359 248 405 gione
265 383 274 398 ‚
307 357 338 390 in
358 358 427 402 qua
456 356 490 390 id
513 356 620 390 astum
651 357 696 390 cll
714 382 723 395 ,
757 355 1016 403 frequentatur,
1055 359 1105 392 di-

142 406 190 440 cit
209 416 273 440 tex.
299 407 332 438 in
359 405 383 437 l.
411 413 466 448 35.
487 407 622 452 semper
645 407 678 437 in
701 405 1031 450 stipulationibrtr.ffi
1063 407 1105 440 de

139 464 207 502 reg.
223 456 290 495 jur.
309 453 343 486 &
363 451 460 498 quod
480 453 536 486 ubi
562 464 630 486 non
649 462 805 497 appareat
829 452 873 485 de
894 464 961 499 qua
983 465 1102 488 mone-

137 511 171 536 ta
195 500 435 535 contrahentes
457 499 639 540 senserint,
670 501 703 533 δε
727 499 905 534 dubitetur
923 527 931 540 ‚
960 513 1000 535 an
1030 501 1100 536 sen-

135 548 235 583 serint
257 547 302 582 de
317 558 453 583 moneta
471 548 541 583 loci
565 547 759 582 contradus
772 573 781 588 ‚
812 558 852 580 an
871 560 952 583 vero
968 550 1010 583 de
1029 562 1100 584 rno-

85 599 89 603 ”
133 606 213 631 neta
237 595 308 631 loci
335 595 512 632 solutionis
527 623 536 638 ‚
559 594 802 642 praesumantur
821 594 948 630 senfisse
964 597 1007 631 de
1028 610 1099 632 mo-

131 654 210 681 neta
228 643 298 679 loci
323 644 536 687 contraffilms,
565 643 718 691 sequitur
735 643 832 680 Surd.
850 643 921 681 dec.
936 659 1014 693 227.
1037 658 1097 680 va-

131 694 234 728 larem
247 704 279 727 n.
299 705 327 727 1.
342 692 376 729 &
393 705 424 726 ι..

182 739 280 774 Alias
304 741 326 776 fi
350 739 543 787 deponatur
562 750 697 774 moneta
718 738 876 781 inferior,
904 741 1096 788 depofitum

131 799 202 824 non
225 787 398 822 diceretur
421 789 553 833 integre
577 786 713 822 failum.

179 835 327 870 Declara
346 835 432 871 dieta
454 836 486 870 in
511 836 580 870 lioc
602 835 762 882 requisito
777 862 786 875 .
810 847 849 872 ut
872 836 1012 884 quando
1035 834 1096 869 de—

130 883 271 920 ficerent
291 884 451 930 expressio
473 885 646 930 qualitatis
661 895 826 926 monetae,
854 886 888 919 &
908 884 1095 918 deficerent

131 932 231 968 etiam
256 944 371 967 ornnes
395 933 572 978 praedistae
593 932 802 978 couje&urae
816 960 824 972 ,
844 934 877 967 &
903 933 1093 980 qualitates,

76 1015 80 1018 ,
130 991 214 1016 tunc
231 980 274 1015 ad
292 980 327 1014 id
350 980 447 1028 quod
465 980 635 1014 minimum
652 980 698 1014 est
711 1007 719 1019 ‚
749 981 936 1025 redigenda
951 980 987 1015 fit
1011 981 1095 1013 sum-

54 1031 84 1054 Ᾰ
117 1036 201 1070 ‘ma‚
227 1039 266 1063 ut
287 1032 320 1062 in
338 1029 372 1066 d.
397 1030 556 1075 l.semper
570 1032 602 1062 in
613 1028 944 1075 stipulationibus.ff.
968 1029 1010 1062 de
1025 1041 1092 1076 reg.

125 1080 193 1121 jur.
211 1077 307 1110 Surd.
324 1077 396 1111 dec.
414 1077 490 1119 298.
507 1088 690 1110 aureorum.
705 1089 736 1111 n.
760 1089 785 1110 ι.
807 1090 837 1110 2.
850 1077 884 1113 &³
903 1091 933 1122 3.

177 1123 359 1171 Restringe
385 1126 472 1158 hanc
498 1125 779 1163 declarationem.
809 1136 847 1159 ut
875 1138 944 1160 non
974 1136 1093 1170 proce-

129 1171 187 1206 dat
215 1172 249 1206 in
280 1185 415 1208 monera
447 1174 558 1218 legata
586 1171 681 1207 causa
710 1172 799 1206 dotis
824 1186 836 1216 3
871 1174 951 1221 quia
977 1173 1094 1207 favore

129 1219 244 1261 dotis,
284 1233 353 1255 non
382 1221 480 1268 quod
510 1221 639 1260 mitius,
673 1219 730 1253 sed
755 1221 854 1268 quod
887 1224 993 1268 majus
1018 1222 1064 1255 est
1082 1248 1090 1262 ‚

128 1268 337 1310 attenditur,
372 1280 409 1303 ut
431 1268 463 1302 in
489 1268 602 1312 legato
618 1280 795 1303 aureorum
811 1296 820 1310 ‚
847 1282 993 1317 quorum
1019 1269 1093 1315 plu-

126 1327 178 1350 res
205 1314 281 1351 sunt
309 1317 501 1351 differentes
519 1316 536 1350 s
559 1318 646 1350 ecies
673 1317 705 1350 in
718 1318 853 1359 valore,
868 1318 1013 1352 articulo
1028 1317 1093 1351 dis-

126 1364 221 1400 cuffo
246 1365 277 1409 in
291 1365 417 1399 Senatu
438 1366 647 1406 Mantuano,
681 1364 777 1401 fuille
796 1366 946 1400 decisum
969 1365 1090 1406 refert,

125 1413 160 1447 &
177 1413 323 1448 rationes
351 1413 493 1448 adducit
516 1414 610 1447 trani.
629 1414 663 1446 d.
691 1415 763 1449 dec.
794 1417 878 1461 298.
898 1428 982 1448 num.
995 1428 1030 1457 4.
1057 1415 1090 1451 ((7

117 1462 210 1509 seqr-
441 1511 446 1515 ,
555 1509 561 1513 ,
737 1510 743 1515 ,

173 1509 222 1545 Et
241 1510 318 1545 haec
343 1510 508 1545 sufficiant
531 1520 621 1542 eirca
641 1510 848 1544 oblationem
863 1537 872 1550 ,
904 1512 937 1545 ὃ(
959 1510 1094 1558 depoli-

127 1566 220 1601 tum;
245 1559 418 1594 redeamus
434 1570 524 1594 nunc
541 1559 583 1590 ad
603 1558 824 1593 mutationem
850 1572 1013 1598 monetae‚
1032 1571 1092 1594 cu-

127 1605 183 1652 jus
208 1606 332 1642 damno
354 1608 408 1641 illa
433 1605 579 1641 mutatio
600 1606 710 1640 cedat.

176 1653 336 1702 Intellige
358 1654 586 1701 magistraliter
612 1654 741 1696 omnia,
769 1668 849 1703 quae
875 1655 918 1689 de
937 1655 1060 1690 damno
1078 1682 1087 1697 ‚

129 1703 163 1737 &
188 1703 309 1743 lucro,
341 1705 478 1739 causato
503 1702 522 1736 a
547 1701 613 1736 sola
644 1703 833 1738 mutatione
867 1704 988 1738 valoris
1017 1718 1091 1740 mo·-

127 1760 239 1791 netae,
270 1751 523 1798 circumscripta
550 1750 640 1784 omni
667 1763 759 1785 mora
779 1778 788 1791 ‚
822 1751 932 1798 scripfi
958 1752 990 1785 in
1021 1754 1089 1788 lioc.

128 1799 238 1845 primo
262 1800 338 1834 casu
364 1799 422 1835 sol.
438 1812 524 1835 num.
551 1799 626 1841 148.
648 1799 681 1834 (τ’
696 1801 791 1846 seqq.
814 1812 859 1835 ut
881 1801 1089 1846 procedant,

83 1873 85 1875 ·
128 1847 268 1893 quando
296 1848 441 1883 mutatio
476 1848 582 1882 oritur
613 1859 652 1881 ex
689 1849 843 1882 bonitate
876 1848 1059 1883 extrinseca
1079 1878 1088 1891 ,

129 1895 210 1942 quia
238 1895 301 1932 isto
325 1897 401 1931 casu
439 1907 574 1929 moneta
608 1894 776 1936 solvitur,
811 1909 877 1931 non
904 1896 1088 1932 secundum

129 1944 276 1978 valorem
294 1971 304 1985 ‚
332 1955 434 1992 quem
459 1944 601 1978 habebat
628 1953 780 1990 tempore
804 1945 997 1979 contrait-„is
1014 1972 1022 1987 ,
1056 1946 1091 1980 id

128 1991 175 2026 est
197 2019 207 2033 ‚
235 1992 375 2040 quando
399 2004 510 2027 ortum
536 1991 582 2025 est
608 1991 760 2026 debitum
776 2018 786 2033 ‚
817 1992 873 2027 sed
902 1992 1088 2028 secundum

126 2039 278 2075 valorem
293 2067 303 2082 ,
334 2053 435 2089 quem
455 2040 555 2074 liabet
575 2050 727 2085 tempore
745 2039 942 2075 solutionis:
980 2042 1011 2075 in
1029 2042 1092 2077 liae

126 2089 214 2122 enirn
231 2091 420 2124 mutatione
434 2089 623 2136 loquuntur
649 2088 838 2125 virtualiter
861 2102 977 2124 omnes
993 2091 1089 2126 Doti.

127 2136 251 2171 ibidem
274 2140 393 2178 citati,
422 2138 455 2172 &
475 2137 590 2183 aperte
607 2138 687 2170 Bar.
705 2136 736 2170 in
759 2138 792 2171 d.
811 2139 833 2172 l.
853 2138 990 2180 Paulus,
1003 2152 1087 2175 num.

132 2185 222 2231 6.ff.
238 2184 280 2218 de
295 2187 399 2233 solut.
416 2185 497 2219 dum
519 2184 704 2219 confiderat
730 2184 899 2232 duplicem
925 2187 1088 2224 mutatio-

129 2243 207 2267 nem
223 2259 232 2275 ,
265 2233 344 2268 licet
372 2234 535 2281 loquatur
560 2231 619 2266 sub
642 2233 779 2267 diverfis
805 2235 917 2269 verbis
938 2261 948 2276 ‚
985 2237 1019 2270 ὃς
1045 2236 1088 2271 de

129 2279 190 2314 ista
227 2283 415 2317 mutatione
464 2292 606 2328 propter
646 2281 833 2316 bonitatem
871 2283 1086 2319 extrinsecam

123 2327 276 2378 sequitur
290 2330 404 2376 subd.
421 2341 544 2365 numer.
561 2331 593 2364 6.
613 2328 660 2363 ihi
675 2354 683 2368 .
701 2329 848 2376 secundo
867 2331 971 2366 modo.
996 2333 1030 2367 δε
1051 2332 1085 2367 in

122 2376 192 2411 istis
222 2378 332 2412 verbis
365 2378 521 2426 loquitur
560 2379 660 2411 Brun.
690 2379 783 2412 ιναὲἶ.
809 2378 852 2411 de
879 2391 997 2416 monet.
1015 2382 1081 2417 &a

120 2436 210 2473 part.
243 2438 274 2471 3.
300 2430 446 2472 numst.
473 2425 675 2473 &fiqq.2&
697 2429 819 2472 partic.
854 2429 885 2461 6.
914 2428 972 2468 sub
997 2441 1084 2463 num.

12 2474 15 2515 Ι
127 2487 158 2519 3.
180 2476 268 2520 veis.
292 2475 347 2509 ubi
371 2486 491 2509 autem.
508 2476 542 2510 (ς’
559 2487 644 2508 num.
663 2485 696 2515 4.
714 2475 853 2521 &seqq.
868 2486 941 2509 tom.
962 2478 1085 2524 12.fol.

12 2518 15 2556 i
125 2534 205 2556 211.
225 2524 364 2559 Hieron.
394 2523 496 2557 Gabr.
516 2522 598 2568 coris.
622 2524 696 2563 164.
719 2524 842 2560 civitas
861 2523 925 2569 suh
947 2537 1031 2558 num.
1050 2537 1084 2567 4.

12 2559 15 2621 l
123 2570 190 2610 ibi,
207 2571 319 2619 sedfi
332 2571 438 2614 nonfir
457 2571 582 2605 bonitas
605 2572 778 2616 intrinseca
793 2582 920 2605 mutata
935 2571 1003 2620 scd
1017 2576 1086 2616 ejus

123 2618 230 2653 valor.
252 2620 308 2653 lib.
330 2632 359 2653 ι.
389 2620 422 2653 &
440 2618 489 2653 'ita
515 2618 639 2664 pluries
663 2617 749 2653 dixit
767 2618 861 2654 Rota
880 2645 889 2660 ‚
925 2630 964 2655 ut
987 2621 1085 2655 testa-

122 2677 178 2702 tur
204 2670 275 2702 Rot.
292 2667 416 2715 divers.
441 2667 512 2703 dec.
528 2667 606 2700 686.
624 2668 801 2712 'refirvata
811 2666 877 2716 sub
895 2681 980 2704 num.
998 2683 1029 2703 2.
1054 2672 1087 2704 in

122 2715 406 2764 Caesaraugrstana
427 2715 581 2762 pensionis
597 2741 606 2755 ‚
639 2716 720 2749 luna:
747 2727 794 2750 11.
819 2718 942 2750 Martii
976 2728 1041 2761 159
1052 2731 1078 2752 i.

50 1657 110 1694 ι77

0 2775 8 2797 i
121 2773 230 2796 coram
246 2767 284 2799 R.
299 2765 336 2798 P.
355 2765 400 2799 D.
424 2763 535 2810 Gypfio
546 2789 555 2803 ‚
576 2766 661 2797 inter
678 2763 840 2812 impreffas
861 2765 1014 2816 Lugduni
1025 2778 1086 2800 an-

120 2821 158 2843 no
178 2813 280 2846 1612.
302 2811 459 2859 hancque
479 2811 544 2847 esse
563 2815 775 2846 Lomniu!if?m
795 2812 989 2857 opinionem
1006 2839 1015 2854 ‚
1047 2825 1086 2849 ut

120 2858 315 2894 attendatur
339 2859 516 2894 aestimatio
535 2871 689 2905 tempore
709 2860 884 2895 solutionis
904 2860 1082 2901 faciendae.

120 2906 263 2953 quando
290 2907 336 2942 est
359 2906 513 2955 promissa
536 2918 640 2942 certa:
666 2919 814 2942 moneta>
840 2907 965 2954 species
982 2937 991 2950 ,
1021 2910 1084 2944 tes-

120 2963 214 2989 tatur
228 2981 238 2996 ‚
264 2956 298 2990 &
323 2954 475 3004 sequitur
499 2956 574 2990 ead.
591 2958 661 2992 Rot.
682 2955 752 2989 dec.
774 2956 851 3000 683.
871 2969 954 2991 anno
979 2971 1083 3001 ¹524·

112 3002 176 3048 sub
195 3015 280 3037 num.
301 3016 329 3037 ι.
351 3006 437 3050 vers.
461 3014 630 3051 quatenus,
651 3008 683 3037 in
707 3008 794 3039 Rom.
814 3008 1011 3050 pecuniaria
1033 3020 1082 3041 co-

119 3061 192 3085 ram
210 3054 250 3086 R.
268 3053 306 3085 l’.
323 3052 368 3085 D.
386 3055 488 3088 Penia
506 3051 587 3085 lunae
607 3064 661 3097 ²3·
683 3054 837 3087 „Ianuarii
857 3066 869 3086 ι
881 3055 956 3097 589.
977 3066 1083 3100 quare

119 3097 144 3132 fi
167 3110 322 3140 moneta,
351 3111 433 3146 quae
453 3100 618 3140 debetur,
652 3112 721 3133 nou
747 3100 929 3146 reperiatur
946 3129 955 3142 ,
986 3101 1083 3137 ideo-

119 3156 191 3192 que
203 3146 363 3182 solvenda
376 3145 458 3182 effet
472 3147 504 3181 in
525 3147 587 3181 alia
608 3159 742 3182 moneta
756 3175 764 3189 ‚
794 3161 876 3196 quae
896 3151 1079 3196 reperitur,

119 3193 268 3229 dandum
295 3194 376 3230 esset
397 3205 526 3230 tantum
549 3197 593 3230 de
614 3196 672 3230 illa
695 3195 755 3229 alia
772 3209 929 3239 moneta,
962 3199 1080 3245 quanti

121 3242 253 3278 valeret
271 3243 326 3277 illa
353 3252 489 3278 moneta
518 3253 670 3290 tempore
694 3243 871 3279 solutionis
894 3271 904 3286 ‚
936 3246 959 3279 si
984 3259 1079 3293 repe-

115 3289 243 3326 riretur
254 3317 265 3333 ‚
282 3292 382 3326 Hier.
401 3291 501 3326 Gahr.
514 3291 549 3326 d.
565 3294 647 3340 cons.
663 3294 741 3334 164.
750 3292 814 3338 fifh
828 3306 858 3327 n.
873 3306 905 3335 4.
921 3294 954 3328 &
969 3294 1002 3329 in
1017 3305 1082 3329 ter-

121 3337 217 3373 minis
242 3338 347 3386 huJus
374 3338 571 3375 extrinsecae
593 3340 791 3375 mutationis
819 3340 975 3389 intelligo
997 3369 1007 3384 ‚
1042 3353 1082 3378 ut

119 3385 242 3432 poffint
255 3387 444 3434 procedere
455 3414 465 3429 ‚
489 3399 571 3435 quae
585 3386 794 3423 consulendo
810 3416 820 3429 ‚
837 3390 1081 3426 attendendum

119 3433 183 3470 esse
208 3447 342 3482 tempus
361 3435 540 3471 saltationis
567 3446 715 3471 monetae
741 3436 937 3473 Turronen.
967 3438 1081 3474 scribit

118 3483 211 3517 Rom.
229 3485 312 3531 consi
332 3491 408 3529 1'23.
424 3486 515 3520 circa
531 3486 674 3531 primum
691 3485 801 3532 subn.
826 3498 854 3519 1.
1028 3483 1033 3486 ’

168 3528 278 3566 Secus
295 3530 378 3566 esset
397 3532 430 3566 in
451 3532 664 3574 mutatione,
692 3544 772 3580 quae
797 3534 942 3568 oriretur
957 3545 997 3568 ex
1017 3535 1079 3569 bo—

118 3577 224 3614 nitate
240 3577 416 3614 intrinseca
429 3607 440 3622 ‚
468 3590 602 3627 utputa
615 3605 625 3621 ‚
651 3583 732 3627 quia
751 3593 886 3616 moneta
907 3591 1008 3615 aurea
1022 3581 1080 3617 seu

115 3635 276 3674 argentea
293 3625 374 3663 estet
392 3629 621 3668 contaminata
635 3654 646 3671 ,
673 3630 727 3665 vel
751 3628 914 3665 diminuta
936 3629 970 3664 in
995 3642 1079 3677 pon-

40 3539 102 3586 178

2022 134 2126 204 361

1160 214 1264 255 dere,
1296 213 1376 261 quia
1401 221 1486 248 tunc
1504 210 1738 247 attenderetur
1758 212 1870 252 valor,
1898 224 2002 260 quem
2026 216 2130 250 habe-

1160 263 1217 296 bat
1251 273 1403 307 tempore
1427 261 1643 299 contrafius,
1671 260 1726 294 seu
1749 262 1818 295 orti
1838 261 1966 300 debiti,
2004 272 2042 296 ut
2071 274 2129 308 per

1161 312 1261 343 Brim-
1273 312 1378 357 supra
1396 311 1554 349 citarum,
1586 310 1657 342 Rot.
1677 309 1711 342 d.
1728 308 1801 342 dec.
1820 309 1901 343 686.
1919 322 1948 343 n.
1972 322 2003 343 2.
2020 313 2054 344 in
2063 310 2127 353 fin.

1159 361 1248 404 vers.
1263 370 1326 403 quae
1339 368 1429 391 vero.
1449 357 1483 391 ὅ(
1507 356 1590 391 alios
1609 355 1642 389 in
1663 355 1803 389 diversis
1820 356 1907 390 locis
1923 369 1934 399 3
1955 368 2076 401 quare,
2105 358 2128 392 fi

1159 405 1363 451 reperiretur
1378 406 1422 440 de
1433 404 1487 438 illa
1501 415 1637 438 moneta
1654 403 1794 450 antiqua
1805 429 1815 443 ‚
1831 403 1862 437 in
1881 415 1948 450 qua
1969 403 2031 439 fuit
2046 417 2130 440 con-

1157 453 1297 487 traitum
1321 451 1473 486 debitum
1485 478 1496 492 ‚
1508 452 1649 487 deberet
1667 451 1700 485 in
1719 463 1757 485 ea
1775 450 1847 485 fieri
1865 451 2014 494 solutio·,
2030 453 2129 498 quod

1155 501 1178 534 fi
1198 501 1242 535 de
1266 511 1304 534 ea
1331 512 1400 535 non
1417 500 1627 545 reperiatur,
1653 498 1707 533 vel
1724 503 1801 547 ejus
1815 500 1934 534 curlus
1957 500 1994 533 fit
2016 500 2128 534 totali-

1155 558 1207 583 ter
1228 549 1430 594 reprobatus
1446 574 1455 587 ᾖ
1482 549 1516 582 &
1532 546 1727 593 prohibitus
1741 573 1752 588 ‚
1783 558 1866 582 tunc
1883 547 1946 580 erit
1965 545 2129 582 solvenda

1153 597 1331 631 aestimatio
1354 596 1443 629 illius
1464 604 1614 630 monetae
1634 595 1784 642 antiquae
1798 621 1807 635 ‚
1826 597 1920 628 Bart.
1940 595 2022 628 ind.
2038 596 2124 638 l.99.
2157 630 2159 632 ,

1151 645 1278 678 Paulus
1294 644 1350 687 sub
1368 657 1401 679 n.
1425 646 1458 678 6.
1478 643 1543 682 ibi,
1561 647 1668 690 primo
1687 643 1779 678 modo
1801 644 1845 689 ff.
1865 642 2013 688 desolm.
2034 643 2124 678 Ahb.

1151 695 1185 726 in
1200 707 1227 727 c.
1247 693 1298 727 18.
1319 702 1436 738 quanto
1451 718 1460 732 ‚
1488 691 1546 738 sub
1561 703 1594 724 n.
1618 704 1670 725 12.
1687 693 1775 736 vers.
1797 691 1936 725 ulterius
1959 702 2060 737 qzeaero
2083 694 2118 726 in

1148 744 1253 787 primo
1275 741 1352 785 casu
1374 739 1416 774 de
1432 742 1570 782 jurejur.
1588 739 1670 773 licet
1691 739 1759 784 ipse
1780 748 1893 774 utatur
1913 737 2046 772 diverso
2062 750 2125 785 ge-

1154 799 1234 822 nere
1260 786 1490 834 distinguendi
1508 786 1564 820 seu
1584 787 1774 834 loquendi,
1805 785 1860 820 sed
1883 786 1971 820 clare
1994 786 2121 832 postea,

1149 836 1280 870 utendo
1303 835 1448 882 propriis
1468 835 1621 869 terminis
1638 861 1647 875 ‚
1674 836 1707 868 in
1724 837 1812 881 vers:
1827 837 1922 868 venio
1941 834 1988 867 ad
2001 835 2121 880 secun-

1147 883 1227 918 dum
1245 886 1368 931 casum.
1392 884 1426 918 &
1452 882 1551 930 quod
1579 883 1758 928 reprobata
1788 881 1932 928 pecunia
1954 882 2094 929 antiqua
2110 909 2120 924 ,

1149 933 1201 966 vel
1223 931 1243 965 si
1260 944 1298 966 ea
1318 931 1461 977 amplius
1492 942 1561 964 non
1583 929 1788 977 reperiatur,
1828 929 1966 964 debitor
1999 929 2121 965 debeat

1145 979 1275 1014 solvere
1301 979 1389 1014 illius
1421 978 1701 1020 aestimationem,
1746 977 1859 1013 scribit
1897 989 1936 1011 ex
1968 979 2118 1012 omnium

1145 1027 1306 1063 sententia
1328 1025 1440 1061 Thom.
1459 1028 1594 1074 Ptzrpal.
1614 1031 1648 1060 in
1665 1027 1687 1061 l.
1700 1039 1770 1062 cum
1794 1026 1875 1073 quid
1891 1025 1957 1073 sub
1970 1037 2118 1072 mmm-7.

1144 1077 1245 1110 concl.
1270 1089 1300 1120 3.
1329 1077 1363 1113 (ς’
1387 1079 1420 1109 in
1441 1077 1464 1110 l.
1491 1075 1574 1121 quod
1599 1086 1642 1109 te.
1664 1087 1747 1109 num.
1781 1075 1884 1119 11.ff.
1908 1073 1941 1118 fi
1954 1084 2034 1107 cert.
2050 1084 2117 1120 pet.

1144 1127 1227 1158 inter
1253 1127 1400 1172 Repeten.
1424 1135 1499 1158 tom.
1519 1124 1625 1171 2.fol.
1645 1134 1699 1167 52.
1725 1124 1758 1159 ds
1784 1135 1842 1171 72.
1870 1133 1974 1168 quare
2003 1121 2024 1154 fi
2045 1134 2120 1156 mo-

1146 1184 1221 1207 neta
1242 1173 1383 1220 antiqua
1402 1171 1517 1205 debita
1539 1183 1606 1205 iion
1635 1171 1825 1216 reperitur,
1865 1171 1898 1204 ὃς
1924 1168 2047 1204 usualis
2071 1169 2118 1204 est

1144 1220 1296 1255 deterior
1318 1221 1351 1254 in
1374 1219 1546 1266 pondere,
1582 1219 1636 1255 vel
1659 1219 1817 1261 materia,
1853 1217 2052 1253 solvendum
2069 1218 2117 1251 est

1143 1269 1198 1309 id,
1224 1268 1320 1316 quod
1348 1268 1513 1307 debetur,
1534 1267 1577 1301 de
1602 1276 1738 1302 moneta
1761 1278 1930 1306 currenti,
1959 1265 2116 1300 confide-

1145 1329 1217 1352 rato
1241 1317 1355 1351 valore
1377 1316 1551 1362 antiquat,
1581 1317 1626 1348 ita
1653 1326 1689 1349 ut
1712 1325 1842 1350 tantum
1869 1325 2018 1348 monetae
2036 1325 2114 1348 cur-

1145 1366 1246 1399 rentis
1273 1365 1395 1405 detur,
1422 1375 1460 1398 ut
1484 1364 1615 1403 valeat,
1643 1365 1760 1410 quanti
1771 1390 1781 1406 Α,
1795 1364 1921 1397 valeret
1944 1362 2083 1409 antiqua
2103 1389 2113 1404 ‚

1145 1414 1166 1446 si
1189 1416 1389 1460 reperiretur
1406 1439 1416 1453 ,
1450 1413 1587 1446 Hieron.
1608 1411 1693 1445 Gab.
1719 1413 1800 1458 confi
1822 1413 1896 1452 164.
1929 1413 2053 1443 civitas
2081 1414 2115 1444 in

1145 1462 1204 1498 ἦν’]
1223 1463 1396 1509 principii,
1421 1472 1506 1493 num.
1531 1472 1559 1493 1.
1583 1459 1617 1496 (y
1637 1471 1672 1501 4.
1700 1460 1758 1494 lib.
1782 1473 1809 1494 1.
1840 1471 1940 1508 quem
1964 1457 2115 1505 sequitur

1136 1503 1248 1544 'Fit-02.
1266 1512 1355 1543 Cart.
1371 1508 1471 1555 decisi
1486 1508 1546 1542 ult.
1568 1522 1579 1542 i
1591 1519 1643 1552 34.
1660 1507 1864 1548 consideratii
1880 1507 1945 1554 fich
1974 1519 2058 1542 num.
2078 1516 2109 1551 5.

1145 1560 1179 1595 ὅ]
1200 1562 1230 1592 6.
1260 1558 1293 1591 δε
1316 1558 1383 1591 lioc
1405 1556 1504 1591 sentit
1526 1557 1626 1591 etiam
1652 1557 1721 1589 Rot.
1740 1556 1865 1595 diversi
1892 1556 1962 1589 dec.
1978 1566 2032 1600 59.
2048 1557 2110 1602 seu

1143 1610 1260 1640 verius
1276 1616 1354 1651 759.
1371 1617 1453 1638 anno
1473 1617 1572 1652 ¹597-
1589 1616 1640 1638 nu.
1656 1616 1685 1636 2.
1703 1617 1813 1638 coram
1834 1603 1993 1650 lllusiriff
2008 1603 2111 1637 Card.

1144 1655 1335 1688 Lancelloto
1360 1665 1441 1686 anno
1460 1663 1560 1700 1597.
1585 1654 1668 1686 inter
1685 1653 1848 1700 imprqffas
1869 1652 2024 1700 Lugduni
2052 1663 2112 1685 an-

1144 1716 1182 1736 no
1203 1704 1302 1737 1612.
1325 1701 1456 1735 firmans
1484 1712 1524 1734 ex
1552 1702 1722 1734 communi
1745 1700 1966 1734 conclusione
1981 1727 1989 1739 ,
2023 1699 2114 1734 solu-

1147 1751 1271 1785 tionem
1302 1748 1488 1784 faciendam
1506 1747 1572 1783 esse
1589 1748 1622 1782 in
1647 1759 1783 1783 moneta
1804 1748 1953 1783 currenti
1980 1758 2113 1793 tempo-

1146 1811 1180 1833 re
1208 1798 1425 1837 contraffiis,
1458 1796 1480 1830 si
1509 1808 1549 1830 ea
1573 1807 1728 1842 tempore
1752 1796 1931 1832 solutionis
1963 1796 2107 1841 reperia-

1147 1859 1220 1886 tur,
1250 1858 1312 1882 nec
1340 1858 1378 1880 ea
1393 1846 1432 1880 fit
1446 1855 1575 1881 mutata
1601 1844 1632 1879 in
1654 1844 1809 1880 bonitate
1832 1843 2032 1887 intrinseca·,
2059 1843 2114 1879 vel

1145 1895 1167 1928 fi
1191 1896 1227 1930 sit
1253 1906 1400 1935 mutata,
1431 1905 1491 1929 aut
1515 1905 1582 1927 non
1614 1904 1826 1940 reperiatur,
1864 1893 1895 1926 in
1924 1895 1999 1939 ejus
2023 1892 2113 1927 aesti-

1143 1943 1291 1978 matione
1317 1941 1502 1977 secundum
1521 1942 1668 1976 valorem
1679 1940 1724 1976 de
1741 1953 1892 1988 tempore
1903 1941 2111 1982 contrat‘ms,

1144 1994 1177 2026 dc
1197 1991 1438 2038 obligationis3
1455 1989 1548 2038 quasi
1566 1989 1659 2024 dicat
1675 1988 1790 2031 Rota,
1819 1991 1853 2025 &
1870 1991 1979 2031 bene;
1998 1988 2021 2022 fi
2039 2002 2112 2023 mo-

1142 2052 1218 2074 neta
1232 2067 1242 2081 ‚
1277 2040 1320 2074 de
1340 2051 1410 2086 qua
1427 2038 1583 2084 loquitur
1610 2038 1825 2079 contraffin,
1853 2037 2019 2084 reperitur
2037 2063 2046 2077 ‚
2077 2037 2113 2072 &

1141 2101 1210 2122 non
1236 2088 1282 2122 est
1307 2097 1435 2122 mutata
1458 2087 1491 2120 in
1511 2086 1664 2122 bonitate
1684 2085 1861 2121 intrinseca
1877 2113 1887 2127 ‚
1909 2096 1980 2119 eam
2005 2084 2114 2121 solvat

1144 2136 1301 2178 debitor,
1331 2136 1400 2170 sive
1419 2134 1543 2181 pluris,
1569 2134 1636 2168 five
1657 2136 1794 2171 minoris
1819 2135 1927 2168 valeat
1945 2160 1954 2174 ‚
1984 2144 2044 2180 per
2070 2145 2109 2168 ea

1143 2196 1226 2231 quae
1248 2185 1316 2220 dixi
1335 2186 1437 2231 fitpra
1465 2196 1551 2217 num.
1572 2183 1649 2225 ¹48.
1672 2183 1695 2216 fi
1720 2195 1802 2218 vero
1826 2195 1894 2218 non
1915 2182 2082 2228 reperitur
2098 2208 2109 2223 ,

1143 2233 1200 2267 seu
1221 2234 1268 2267 est
1290 2242 1419 2267 mutata
1442 2231 1474 2265 in
1494 2230 1649 2266 bonitate
1672 2231 1871 2273 intrinseca,
1900 2230 1998 2278 quod
2022 2229 2112 2263 idem

1143 2281 1190 2315 est
1214 2293 1253 2316 ac
1276 2280 1299 2314 si
1321 2293 1390 2316 non
1416 2278 1649 2325 reperiretur3
1686 2290 1769 2314 tunc
1793 2279 1873 2326 quia
1903 2291 1970 2313 non
1997 2278 2111 2324 potest

1143 2329 1228 2364 solvi
1254 2329 1286 2363 in
1310 2330 1423 2364 valore
1450 2327 1598 2362 currenti
1625 2339 1779 2374 tempore
1805 2327 2006 2365 solutionis,
2030 2336 2110 2360 curn

1144 2389 1227 2412 tunc
1253 2377 1378 2413 nullum
1401 2376 1521 2410 habeat
1545 2375 1713 2415 valorem,
1742 2375 1822 2424 quia
1845 2388 1914 2410 non
1931 2374 2016 2409 entis
2034 2374 2109 2408 nul-

1142 2427 1186 2460 1ae
1210 2426 1286 2460 sunt
1305 2425 1506 2472 qualitates;
1522 2424 1627 2458 debet
1646 2424 1827 2458 necessario
1850 2423 1975 2458 recurri
1990 2423 2033 2457 ad
2051 2434 2109 2458 va·

1140 2475 1267 2513 lorem,
1296 2485 1398 2521 quem
1422 2473 1567 2507 habebat
1589 2483 1743 2517 tempore
1767 2472 1980 2512 contraQuS,
2008 2471 2042 2505 ὃς
2067 2470 2110 2505 de

1141 2521 1303 2569 opinione
1318 2521 1490 2556 communi
1514 2522 1612 2556 Hier.
1638 2520 1742 2556 Galar.
1760 2521 1795 2555 d.
1817 2521 1900 2568 cons.
1921 2520 1996 2561 164·
2025 2521 2110 2553 civi-

1139 2583 1205 2607 tas.
1220 2574 1253 2604 in
1267 2569 1329 2610 sine
1345 2571 1502 2616 principii
1517 2595 1526 2607 ,
1549 2569 1584 2606 &¹
1606 2581 1690 2602 num.
1710 2583 1737 2604 1.
1755 2569 1788 2607 &
1801 2581 1836 2611 4.
1853 2568 1911 2602 lib.
1937 2581 1964 2601 ι.
1984 2568 2018 2602 8(
2039 2567 2108 2601 hoc

1140 2619 1298 2667 procedit
1324 2618 1422 2652 etiam
1453 2619 1472 2652 si
1497 2616 1632 2652 debitor
1657 2629 1726 2651 non
1754 2617 1792 2651 fit
1815 2616 1992 2655 morosuS‚
2027 2615 2110 2662 quia

1139 2668 1253 2702 adhuc
1275 2678 1409 2701 tenetur
1429 2665 1558 2699 solvere
1574 2666 1671 2711 juxta
1687 2665 1833 2700 valorem
1851 2664 2010 2710 temporis
2026 2676 2110 2698 cori-

1139 2716 1264 2751 trastus
1277 2741 1286 2755 ‚
1314 2715 1401 2748 Abh.
1411 2714 1477 2760 sub
1492 2713 1526 2746 d.
1545 2726 1630 2748 num.
1652 2725 1663 2746 ι
1673 2726 1706 2749 2.
1719 2716 1806 2760 vers.
1820 2716 1914 2747 venio
1927 2712 1975 2746 ad
1986 2713 2107 2759 secun-

1138 2765 1216 2798 dum
1231 2766 1352 2805 casum.
1371 2764 1403 2796 &
1418 2761 1516 2808 quod
1536 2762 1568 2795 iii
1594 2772 1717 2796 mutuo
1741 2762 1949 2808 intelligatur
1972 2760 2104 2801 tritum,

1138 2824 1177 2846 ut
1197 2811 1356 2846 reddatur
1374 2810 1477 2858 aeque
1496 2810 1621 2844 bonum
1634 2836 1644 2851 ,
1672 2809 1799 2845 scilicet
1817 2808 1972 2844 bonitate
1988 2806 2104 2841 intrin-

1138 2860 1229 2902 seca,
1255 2860 1354 2894 etiam
1378 2859 1463 2892 intra
1490 2868 1622 2905 tenipus
1647 2870 1751 2893 morae
1767 2885 1776 2899 ,
1810 2857 1844 2891 id
1865 2857 1909 2890 eil
1934 2865 2013 2889 ante
2030 2868 2103 2890 ino-

1137 2920 1202 2942 ram
1217 2934 1227 2949 ‚
1253 2907 1362 2942 scribit
1376 2909 1476 2941 Hier.
1490 2907 1649 2955 But-rigel.
1666 2909 1699 2939 in
1715 2906 1738 2941 l.
1756 2919 1826 2940 cum
1839 2904 1991 2952 quidfitb
2008 2916 2099 2938 παι.

1127 2958 1169 3002 ff.
1181 2957 1280 2997 licer.
1296 2967 1361 3002 pet.
1375 2957 1460 2988 inter
1473 2957 1582 3001 Repet.
1598 2965 1709 2993 roma.
1725 2955 1784 3000 fol.
1797 2966 1854 2997 49.
1868 2954 1901 2987 &
1917 2952 2013 2999 quod
2028 2963 2101 2985 mu-

1137 3016 1204 3039 tata
1222 3004 1358 3038 materia
1371 3001 1539 3047 pecuniae,
1554 3004 1605 3036 vel
1617 3014 1747 3036 mutato
1764 3003 1850 3036 illius
1862 3001 2100 3047 ponderemu-

1136 3053 1222 3087 tatio
1241 3052 1340 3086 cedat
1357 3051 1480 3084 damno
1496 3050 1663 3085 debitoris
1676 3049 1774 3083 etiarn
1794 3061 1872 3085 ante
1886 3060 2023 3091 moram,
2039 3048 2100 3094 qui

1137 3111 1315 3147 propterea
1332 3110 1466 3133 tenetur
1488 3099 1616 3132 solvere
1640 3099 1670 3132 in
1687 3098 1802 3132 eadem
1820 3097 1974 3132 bonitate
1989 3096 2102 3130 intrin-

1135 3148 1218 3187 seca,
1235 3149 1348 3182 scribit
1363 3146 1450 3180 idem
1467 3145 1578 3181 Thom.
1594 3148 1733 3192 Parpal.
1759 3160 1789 3180 n.
1806 3159 1859 3193 ²7·
1880 3145 1981 3179 concl.
1997 3145 2100 3190 2.fol.

1137 3208 1189 3242 52.
1201 3198 1234 3231 δε
1250 3196 1280 3229 in
1294 3196 1397 3242 hujus
1407 3194 1603 3229 mutationis
1619 3194 1729 3241 specie
1745 3195 1912 3239 intelligas
1923 3203 2026 3226 totam
2041 3204 2101 3228 riu-

1133 3245 1291 3279 merosain
1308 3242 1500 3278 Doctorum
1517 3241 1664 3284 clalsern‚
1678 3254 1775 3287 quam
1787 3243 1880 3282 citat,
1900 3241 1934 3274 ὃς
1947 3239 2098 3287 sequitur

1134 3293 1235 3328 Gahr.
1252 3294 1363 3338 insitis
1380 3291 1484 3325 concl.
1500 3291 1591 3335 Irb.3.
1602 3294 1654 3324 tit.
1676 3291 1824 3338 desolat.
1842 3289 2018 3335 conclusi.
2029 3301 2097 3323 ιω.

1135 3342 1169 3377 (ς’
1185 3343 1271 3388 seqq.
1293 3341 1326 3374 ὃς
1350 3351 1411 3385 pro
1436 3338 1499 3373 liae
1521 3338 1736 3372 'distinetione
1761 3339 1846 3371 bene
1863 3335 1945 3371 facit
1959 3362 1969 3377 ,
1999 3337 2098 3384 quod

1133 3389 1242 3433 scripsi
1257 3389 1364 3434 supra
1379 3386 1428 3434 gl.
1445 3399 1476 3432 3.
1495 3399 1525 3421 n.
1543 3398 1602 3432 47.
1621 3389 1654 3422 (θ’
1669 3387 1726 3427 48.

1182 3437 1329 3474 Declara
1345 3446 1451 3479 ptimo
1478 3434 1670 3469 notabiliter
1685 3432 1823 3467 eandem
1840 3430 2094 3479 intelligentiam
2114 3448 2178 3484 ¹79

1133 3486 1165 3520 in
1185 3485 1247 3518 hac
1261 3482 1520 3528 secundaparte,
1532 3492 1570 3515 ut
1586 3494 1652 3516 non
1665 3480 1769 3516 solum
1787 3480 1824 3515 lit
1839 3481 1997 3516 solvenda
2009 3480 2096 3514 aesti-

1134 3533 1238 3568 mario
1255 3531 1342 3566 illius
1356 3542 1504 3564 moneta:
1526 3529 1677 3576 antiquae
1692 3555 1699 3569 ‚
1723 3541 1804 3575 qua:
1820 3529 1872 3562 vel
1891 3542 1959 3563 non
1973 3528 2095 3573 rsperi-

1134 3593 1199 3621 tun,
1222 3580 1274 3614 vel
1288 3591 1354 3613 non
1368 3577 1415 3611 est
1430 3577 1639 3624 infrequenti
1652 3576 1723 3619 usu,
1739 3576 1793 3611 sed
1805 3577 1842 3612 lit
1853 3579 1950 3610 etiam
1964 3576 2096 3610 [olven-

1133 3629 1174 3672 da
1194 3628 1371 3665 aestimatio
1384 3626 1519 3660 alterius
1532 3637 1679 3662 monetae
1693 3625 1855 3671 antiquae,
1871 3637 1938 3673 quii
1950 3624 2002 3657 illa
2017 3622 2099 3657 anti-

1717 3673 1751 3707 Η
1768 3673 1789 3705 li
2034 3680 2102 3718 qua
