2400 3939
671 176 680 186 Ο
735 176 744 188 t
965 176 975 186 Ι
1193 171 1205 181 ⁴
1225 186 1233 188 .-

290 219 294 224 .
319 178 427 248 498
628 171 979 254 Sigismundi
1011 173 1256 231 Scacciae

319 265 396 299 sede
414 263 582 299 indultum
597 292 605 304 ,
625 267 724 313 quod
744 266 921 305 interdici,
936 264 1111 312 suspendi,
1129 263 1183 299 vel
1198 273 1252 295 ex-

320 313 560 347 communicari
590 313 645 347 seu
675 314 717 349 ad
739 314 834 361 praed
849 313 912 348 &ae
940 314 1055 348 Curiae
1086 310 1252 360 judicium

321 373 390 395 non
406 361 527 406 possint
541 362 668 396 litteras
683 362 903 409 Apostolicas
917 371 986 395 non
1004 359 1166 395 facientes
1182 358 1252 404 ple-

322 419 418 448 nam,
439 409 470 442 3⁴
495 409 693 456 expressam,
719 422 759 444 ac
777 409 822 444 de
848 410 950 443 verbo
973 409 1015 443 ad
1035 408 1170 444 verbum
1184 433 1193 446 ,
1211 404 1255 438 de

322 455 458 491 indulto
475 457 669 503 hujusmodi
681 457 884 492 mentiowem
897 484 905 496 ,
923 456 1169 505 &quibussibet
1184 453 1256 487 aliis

322 504 518 551 privilegiis,
535 504 754 552 indulgentiis
771 506 804 540 ὃς
823 505 942 540 litteris
960 503 1182 551 AposloliciS.
1195 512 1254 548 ge-

324 552 509 593 neralibus,
528 554 579 588 vel
603 552 803 599 specialibus
835 564 1138 600 quorumcumque
1160 562 1257 586 teno-

325 611 397 635 rum
417 601 558 636 existant
575 612 633 647 per
654 611 738 647 quae
756 599 976 646 praesentibus
1002 613 1070 635 non
1085 597 1230 648 expressa
1245 622 1256 636 ,

326 648 381 682 vel
401 648 551 683 totaliter
565 660 633 682 non
655 647 774 683 inserta
787 676 795 689 ,
812 647 951 683 effeetus
966 660 1076 683 caum
1104 645 1259 694 impediri

325 696 437 731 valeat
451 696 737 742 quomodolibet,
762 697 814 731 vel
839 695 964 730 dfferri
978 723 986 736 ,
1002 698 1035 731 &
1056 697 1100 733 de
1112 696 1260 745 quibus,

327 755 550 792 quorumque
566 744 650 780 totis
673 744 850 781 tenoribus
872 744 1024 779 liabenda
1041 743 1132 780 soret
1148 745 1180 777 in
1197 753 1260 775 no-

328 792 401 826 stris
423 794 550 827 mentio
566 791 733 838 specialis,
755 803 838 840 quae
854 793 974 841 quoad
997 793 1045 827 eis
1068 793 1263 829 nullatenus

329 839 490 875 volumus
509 838 693 887 suffragari.
1237 881 1247 891 ἡ

378 888 432 924 Ut
447 894 559 924 autem
581 888 762 935 praesentes
779 891 906 926 litterae
935 890 978 925 ad
1005 890 1156 926 omniurn
1172 895 1264 922 noti-

330 935 409 972 tiam
426 936 663 979 deducantur,
682 949 722 973 ac
734 951 792 985 per
807 950 923 974 omnes
941 938 1180 974 invtolabiliter
1207 933 1264 967 de-

331 985 431 1020 beant
448 983 634 1026 observari,
651 986 808 1022 volumus
822 986 900 1020 ‘illas
920 985 951 1020 in
967 988 1072 1021 valuis
1088 983 1266 1022 Cancella-

333 1033 395 1068 riae
413 1033 649 1080 Apostolicae‚
670 1034 703 1068 &
725 1034 911 1070 audientiae
929 1035 1111 1070 litterarum
1131 1042 1268 1069 contra-

334 1080 498 1115 diflarum
517 1081 724 1121 nostratum,
742 1082 821 1118 &in
840 1083 980 1118 Camera
1001 1082 1204 1129 Apostolica
1220 1076 1269 1111 af-

335 1128 414 1175 figi,
444 1128 533 1176 legi,
558 1131 591 1163 &
607 1130 789 1174 publicari,
810 1141 850 1166 ut
875 1131 908 1164 bi
931 1143 1020 1178 quos
1044 1132 1166 1166 litterae
1189 1125 1270 1174 ipsae

337 1188 571 1217 concernunt,
596 1177 652 1212 seu
671 1189 876 1213 concernere
893 1179 1030 1225 possunt
1048 1174 1270 1227 quomodoli-

337 1226 396 1260 bet
417 1225 450 1259 in
464 1224 615 1260 futurum
627 1252 636 1266 ,
653 1226 770 1273 quoad
786 1227 921 1262 illorum
946 1227 1098 1264 notitiam
1114 1238 1179 1261 non
1200 1234 1270 1270 per-

338 1274 507 1314 venerint,
533 1274 587 1307 vel
610 1273 679 1307 illas
705 1275 952 1319 ignoraverint,
977 1288 1051 1323 quo
1077 1274 1187 1309 minus
1213 1282 1272 1306 eos

338 1321 463 1356 ardent
479 1321 639 1368 perinde,
655 1334 694 1357 ac
713 1323 734 1356 si
752 1323 799 1357 eis
812 1322 1032 1368 personaliter
1045 1324 1206 1358 intimatae
1222 1320 1275 1354 fo-

340 1382 437 1413 rent,
461 1369 583 1404 nullam
611 1370 732 1417 possint
754 1371 1003 1406 excusationem
1035 1370 1273 1417 praetendere,

340 1419 395 1453 vel
416 1417 638 1464 ignorantiam
653 1419 807 1465 allegare.
845 1420 1017 1454 Volumus
1036 1421 1133 1453 etiam
1147 1445 1156 1459 ,
1178 1419 1211 1451 <Sc
1224 1416 1274 1450 di-

340 1467 393 1500 «fita
411 1465 613 1501 auetoritate
645 1467 874 1506 decernimus.
905 1468 1003 1515 quod
1032 1468 1159 1501 illarum
1185 1475 1274 1499 tran-

339 1513 479 1561 sumptis
511 1514 609 1547 unius
634 1515 770 1549 Notarii
796 1516 1048 1562 manuscriptis,
1075 1516 1108 1550 <Sc
1131 1514 1277 1561 alicujus

341 1563 499 1603 Praelati,
518 1562 571 1596 vel
584 1562 736 1608 personae
752 1563 961 1611 indignitate
971 1565 1169 1599 consliiutae
1190 1561 1277 1608 sigil-

341 1611 376 1646 lo
393 1610 547 1650 munitis,
573 1622 611 1645 ea
631 1611 765 1656 prorsus
790 1611 874 1646 fides
894 1613 1031 1647 indubia
1054 1612 1252 1646 adhibeatur
1267 1635 1276 1649 ‚

369 1671 424 1694 uae
438 1656 661 1705 praesentibus
677 1660 795 1694 noslris
807 1660 930 1694 litteris
947 1661 1182 1698 adhiberetur,
1198 1656 1278 1691 sies-

341 1671 414 1744 sent
430 1706 611 1748 exhibitae,
647 1707 700 1740 vel
726 1707 878 1743 ostensae.
909 1708 1007 1743 Nulli
1032 1721 1115 1755 ergo
1141 1705 1279 1742 omnino

344 1755 520 1791 hominum
538 1754 637 1789 liceat
656 1755 742 1790 hanc
758 1757 912 1802 paginam
937 1758 1060 1793 nostrae
1080 1754 1256 1790 sanffionis
1269 1779 1279 1793 ,

346 1801 588 1845 ordinationis,
604 1803 806 1839 extensionis
818 1832 826 1845 ,
839 1805 971 1845 statuti,
988 1804 1129 1845 decreti,
1147 1802 1280 1836 mauda-

347 1853 373 1888 ti
384 1879 394 1894 ,
408 1851 656 1892 declarationis,
672 1850 892 1898 adjectionis,
913 1853 1134 1900 obligationis
1145 1878 1153 1892 ,
1168 1852 1201 1884 ὅ(
1219 1863 1282 1884 νο-

349 1902 489 1935 luntatis
504 1897 696 1946 refringere,
711 1900 763 1933 vel
776 1901 805 1934 ei
818 1900 898 1935 ausu
910 1902 1086 1936 temerario
1101 1898 1279 1936 contraire:

349 1949 373 1983 si
393 1948 470 1995 quis
484 1958 595 1982 autem
614 1953 681 1982 stoc
696 1959 865 1982 attentare
883 1949 1146 1996 praesumpserit,
1171 1947 1283 1992 indig-

349 1998 521 2032 nationem
540 1995 785 2042 omnipotentis
802 1997 889 2037 Dei,
908 2011 949 2034 ac
970 2000 1150 2035 beatorum
1169 1995 1283 2034 Petri,

351 2046 385 2079 δε
399 2044 495 2079 Pauli
514 2043 760 2091 Apostolorum
775 2045 849 2091 ejus
861 2045 893 2079 se
907 2048 1042 2081 noverit
1061 2044 1284 2080 incursurum.

350 2096 481 2132 Datum
499 2091 622 2127 Romae
642 2092 734 2138 apud
755 2092 909 2129 Sannum
931 2095 1080 2129 Petrum.
1106 2095 1211 2128 Anno
1227 2090 1285 2125 In-

352 2140 556 2177 carnationis
580 2140 779 2176 Dominicae
803 2141 854 2175 M.
871 2140 1040 2178 D.X1V.
1063 2142 1174 2176 Pridie
1200 2138 1287 2173 Idus

352 2189 514 2233 Januarii.
543 2186 769 2224 Pontificatus
787 2188 890 2224 nostri
913 2203 1004 2226 anno
1018 2189 1179 2224 secundo.

426 2284 553 2320 Paulus
580 2285 642 2321 IV.
654 2286 760 2333 super
790 2287 1007 2322 Societazibus
1042 2285 1215 2333 officiorum

670 2335 819 2368 Romanae
843 2338 960 2371 Curiae.

289 2432 336 2474 48
357 2434 413 2516 P
428 2430 543 2466 Aulus
565 2429 760 2478 Episcopus
787 2429 901 2466 servus
918 2430 1090 2466 servorum
1114 2429 1195 2465 Dei.
1229 2430 1289 2465 Ad

431 2488 627 2526 perpetuam
652 2479 698 2513 rei
719 2479 923 2514 memoriam.
953 2479 1050 2515 Inter
1068 2490 1209 2513 caeteras
1228 2490 1290 2513 cu-

356 2539 428 2568 ras,
454 2528 581 2574 quibus
608 2539 647 2561 ex
668 2527 848 2561 ministerio
868 2527 1097 2573 Apostolatus
1123 2528 1218 2561 nobis
1237 2527 1289 2562 di-

356 2575 449 2611 vinae
471 2575 591 2621 gratiae
619 2587 776 2616 munere,
804 2575 987 2615 commissi,
1023 2574 1148 2609 assidue
1171 2575 1292 2622 premi-

358 2635 432 2660 mur
444 2650 455 2664 ,
483 2624 536 2656 illa
555 2635 618 2658 nos
637 2625 778 2658 maxime
798 2635 914 2670 urget,
931 2635 967 2659 ut
983 2636 1098 2671 pravae
1110 2625 1294 2658 consuetu-

359 2672 475 2713 dines,
503 2673 536 2706 &
560 2671 701 2711 abusus,
722 2684 814 2720 quos
831 2673 863 2707 in
885 2673 972 2706 lianc
1000 2672 1132 2706 Almam
1163 2672 1292 2706 Urbem

359 2720 505 2756 nostram
524 2719 657 2754 malitiis
675 2720 844 2754 bominum
860 2719 1020 2766 irrepsisse
1034 2721 1200 2754 cernimus
1213 2747 1220 2759 ,
1235 2733 1294 2755 no-

362 2769 427 2803 stra
454 2767 633 2815 diligentia
654 2768 823 2802 tollantur.
856 2769 945 2803 Cum
963 2768 1081 2815 itaque
1097 2769 1202 2814 (sicut
1227 2767 1296 2802 side

362 2816 545 2863 dignorum
556 2816 718 2850 relatione
729 2815 986 2851 nobisiunotuit
1021 2816 1161 2851 diversae
1175 2816 1297 2851 utrius-

362 2877 434 2912 que
448 2863 542 2898 sexus
566 2863 739 2910 personae,
762 2873 826 2898 tam
859 2864 961 2909 ipsius
1020 2864 1084 2898 rbis
1103 2876 1216 2905 cives,
1242 2863 1297 2899 seu

364 2911 548 2960 originarii,
565 2923 665 2958 quam
687 2910 871 2946 Romanam
893 2913 1030 2947 Curiam
1046 2912 1225 2959 sequentes
1237 2913 1298 2947 sub

364 2971 549 3007 praetextu,
564 2960 662 3006 quod
678 2973 709 2993 in
729 2960 817 2994 dicta
838 2961 943 2994 Curia
959 2960 1056 3008 super
1070 2961 1159 2994 illius
1179 2961 1300 2995 officiis

363 3009 544 3044 societates
559 3007 601 3042 ad
626 3008 788 3042 rationem
814 3008 1019 3048 du<.decim‚
1037 3009 1071 3043 ὅ(
1089 3009 1302 3056 quandoque

391 3057 513 3090 lurium
535 3067 597 3101 pro
612 3066 807 3091 centenario
825 3056 933 3103 passim
951 3055 1033 3091 fiant
1045 3084 1054 3098 ,
1075 3058 1107 3092 ὃ(
1124 3055 1301 3091 societates

362 3068 561 3150 iiujusmodi
581 3103 685 3139 licitae
700 3114 918 3151 reputentur,
937 3116 1115 3152 propterea
1132 3105 1230 3152 quod
1249 3103 1302 3140 of-

366 3152 445 3187 ficia
462 3152 529 3197 ipsa
543 3151 668 3186 suffitus
691 3152 768 3188 suos
783 3152 1002 3188 verisimiliter
1017 3153 1059 3187 ad
1084 3153 1226 3188 eandem
1250 3165 1302 3186 ra-

368 3201 496 3236 tionem
526 3199 687 3240 reddant,
708 3201 741 3235 &
768 3201 930 3246 pecunias
948 3200 1033 3247 ipsas
1056 3201 1089 3235 in
1109 3200 1302 3236 societatem

367 3248 570 3295 recipientes
592 3248 613 3280 si
629 3247 699 3281 illas
714 3247 849 3288 dantes,
868 3259 927 3284 aut
943 3249 1064 3295 singuli
1083 3249 1137 3284 alii
1153 3260 1234 3283 tunc
1262 3250 1303 3283 ab

369 3297 418 3331 eis
439 3294 600 3330 nominati
627 3296 831 3337 moriantur,
857 3296 979 3330 sortem
1004 3297 1219 3344 principalem
1245 3308 1305 3344 pe-

370 3343 545 3378 cuniarum
567 3354 626 3388 per
652 3355 711 3378 eos
731 3344 764 3377 in
782 3344 973 3385 societatem
1001 3356 1212 3391 receptarum
1227 3371 1235 3384 ‚
1255 3345 1304 3381 lu-

371 3402 530 3430 crentur,
549 3391 581 3424 δε
597 3392 614 3426 ὲ
631 3401 748 3426 contra
763 3392 784 3425 si
809 3392 1012 3437 recipientes
1028 3392 1187 3440 pecunias
1203 3392 1235 3425 in
1256 3393 1306 3427 so—

373 3439 528 3472 cietatem
549 3439 743 3479 moriantur,
758 3452 802 3474 eo
817 3440 914 3486 quod
927 3440 1054 3481 officia,
1070 3440 1164 3487 super
1179 3440 1306 3487 quibus
1338 3441 1339 3445 ’

373 3486 551 3520 societates
568 3486 761 3531 hujusmodi
779 3488 963 3522 contrastae
980 3489 1102 3523 fuerint
1114 3501 1127 3531 ·,
1141 3489 1218 3534 ipsis
1233 3501 1304 3522 mo-

373 3533 534 3568 rientibus
554 3534 736 3575 deficiant,
756 3547 873 3569 eorum
898 3535 1051 3570 haeredes
1065 3563 1073 3574 ,
1093 3547 1151 3570 aut
1169 3534 1306 3585 fideius-

372 3581 463 3616 sores
480 3581 601 3615 sortem
626 3592 793 3627 receptam
819 3583 991 3617 restituere
1014 3593 1185 3631 cogantur
1201 3595 1307 3630 pecu-

372 3630 442 3663 nias
458 3629 530 3663 suas
549 3627 610 3661 sub
625 3631 760 3664 nomine
783 3630 970 3670 societatis,
993 3642 1183 3666 nontamen
1209 3631 1306 3678 super

372 3674 489 3725 aliquo
506 3675 657 3721 ejusdem
684 3678 802 3713 Curiae
822 3679 939 3714 officio
965 3689 1143 3720 mutuent,
1168 3680 1201 3713 ὅ(
1216 3680 1304 3714 duo-

1292 169 1490 231 Tracst.
1524 171 1598 232 de
1641 173 1937 233 Commer.

1306 264 1427 303 decim,
1446 266 1478 300 ὃ(
1496 264 1706 314 quandoque
1721 266 1816 312 plura
1833 278 1895 312 pro
1912 267 2118 308 centenario,
2137 262 2245 301 nomi}

1308 326 1350 347 ne
1373 313 1696 360 quidemst-usinum
1717 314 1817 360 ipsius
1833 313 2025 356 societatis,
2051 315 2106 350 sed
2133 323 2247 349 revera

1309 374 1372 408 pro
1398 361 1504 395 usuris
1519 362 1735 408 pecuniarum
1761 373 1820 407 per
1838 374 1898 395 eos
1914 374 2137 398 mutuatarum
2153 389 2162 399 ,
2178 363 2245 397 exi-

1311 418 1412 456 gant,
1429 409 1605 444 usurariam
1631 410 1831 456 pravitatem
1855 410 2126 450 committendo,
2145 411 2178 446 &
2195 409 2245 445 di-

1313 457 1396 491 versi
1414 455 1567 504 praesatae
1587 458 1704 492 Curia:
1727 457 1888 491 officiales
1919 458 2018 503 super
2041 459 2161 494 officiis
2187 469 2247 505 per

1313 517 1371 539 eos
1389 517 1451 551 pro
1468 517 1621 550 tempore
1635 508 1785 540 obtentis
1809 505 1953 541 diversas
1977 506 2154 541 societates
2171 517 2248 540 cum

1313 553 1451 587 diversis
1464 553 1611 600 personis
1623 580 1632 594 ‚
1650 553 1748 586 eiiam
1763 554 1849 588 ultra
1867 555 2012 588 valorem
2035 554 2180 601 ipsorum
2196 555 2250 589 os—

1314 600 1493 641 ficiorum,
1516 602 1549 636 δε
1577 612 1656 635 cum
1679 601 1782 647 pastis
1811 601 1996 648 aliquando
2018 604 2124 636 minus
2148 602 2250 637 licitis

1315 647 1439 694 sapius
1460 649 1590 687 ineant,
1612 650 1645 683 &
1662 649 1797 695 fingulis
1819 650 1984 695 personis,
2004 651 2164 697 pecunias
2179 649 2252 684 suas

1318 696 1440 731 eisdem
1462 695 1660 732 officialibus
1683 697 1768 732 intra
1791 698 1939 731 valorem
1965 698 2149 733 eorundem
2180 697 2251 732 offi-

1318 744 1448 779 ciorum
1464 772 1472 785 ‚
1497 744 1623 791 absque
1649 757 1711 785 eo,
1732 747 1831 792 quod
1850 757 1916 780 una
1937 746 2030 781 aliam
2051 746 2152 786 sciat,
2181 755 2253 791 ere-

1320 793 1481 827 dentibus
1505 803 1570 828 tam
1588 805 1649 839 pro
1665 792 1754 828 sorte
1773 793 1968 840 principali,
1993 806 2093 840 quam
2107 806 2170 841 pro
2184 794 2254 828 fru-

1321 840 1430 876 &ibus
1465 840 1628 876 distarum
1670 841 1865 878 societatum
1892 841 2138 890 fidejussionem
2166 853 2256 889 prae-

1320 889 1409 924 ssent
1428 889 1571 924 aliorum
1588 888 1782 924 officialium
1795 916 1804 931 ‚
1820 890 1881 938 qui
1903 891 2016 926 officia
2034 890 2089 925 sua
2110 891 2182 939 aliis
2195 901 2258 937 pro

1323 938 1443 983 majori
1466 937 1684 984 pecuniarum
1715 936 1853 977 summa,
1879 950 1981 984 quam
2014 939 2070 973 illa
2101 942 2231 974 valeant
2248 962 2259 979 ‚

1324 985 1470 1020 obnoxia
1481 1012 1489 1026 ,
1504 986 1538 1019 ὅ(
1555 985 1786 1034 hypothecam
1801 985 1926 1022 habent
1938 1012 1948 1027 ,
1970 987 2004 1022 δε
2019 986 2140 1021 exinde
2156 986 2236 1022 fiant
2250 1012 2260 1021 ,

1325 1044 1363 1068 ut
1382 1033 1495 1068 officia
1521 1033 1587 1080 ipsa
1608 1033 1824 1080 quandoque
1844 1035 1931 1069 ultra
1957 1035 2142 1080 decuplum
2169 1036 2265 1082 ejus,

1325 1093 1400 1127 quo
1423 1081 1523 1116 vendi
1545 1081 1702 1129 possent,
1727 1083 1878 1129 obligata
1900 1092 2126 1129 reperiantur,
2145 1083 2178 1117 ἃ
2200 1094 2265 1117 tam

1327 1130 1376 1163 illi
1393 1130 1592 1176 principales
1618 1130 1817 1170 debitores,
1833 1141 1934 1178 quam
1958 1129 2172 1179 fidejussores
2199 1141 2267 1164 non

1328 1176 1438 1213 solum
1455 1177 1555 1212 fidem
1575 1176 1710 1216 fallant,
1731 1178 1764 1212 dc
1782 1178 1971 1217 creditores
1999 1177 2076 1213 suos
2093 1178 2266 1225 pecuniis,

1329 1238 1414 1274 quas
1443 1226 1488 1259 illi
1514 1225 1637 1260 eisdem
1659 1226 1862 1261 officialibus
1883 1238 2018 1268 eorum,
2042 1229 2074 1261 &
2090 1226 2267 1277 fidejusso-

1330 1287 1402 1308 rum
1429 1273 1564 1308 suorum
1578 1273 1679 1308 fidem
1697 1274 1878 1322 sequentes
1897 1275 2040 1311 credunt
2053 1302 2061 1317 ,
2083 1276 2218 1322 privent
2233 1275 2268 1308 ὃς

1330 1322 1533 1358 frustrentur
1548 1348 1557 1362 ,
1581 1322 1680 1357 etiam
1705 1323 1903 1368 juramentis
1921 1335 1980 1369 per
1997 1335 2058 1359 eos
2077 1325 2110 1357 in
2124 1323 2267 1358 societa-

1332 1371 1423 1406 tibus
1446 1369 1641 1415 hujusmodi
1667 1370 1825 1416 praeslitis
1853 1382 1977 1405 temere
2007 1371 2267 1406 contravenien—

1331 1419 1401 1460 do,
1423 1429 1538 1454 verum
1556 1418 1654 1453 etiarn
1682 1417 1847 1454 facilitate
1871 1418 2050 1454 societates
2072 1418 2269 1466 hujusmodi

1332 1467 1416 1501 clam
1447 1466 1608 1508 ineundi,
1634 1464 1780 1512 seipsos,
1806 1468 1839 1500 δι
1858 1466 1947 1501 suam
1970 1464 2270 1512 familiamdepau-

1335 1524 1478 1561 petent,
1506 1511 1686 1561 suamque,
1718 1515 1905 1549 &illorum
1935 1515 2144 1550 substantiam
2181 1514 2268 1550 diff-

1334 1574 1434 1609 perit,
1459 1564 1493 1596 ὅ(
1525 1562 1709 1598 annihilent
1733 1562 1766 1597 in
1788 1563 1968 1597 animarum
1995 1564 2210 1610 periculum,
2235 1564 2270 1597 ὃς

1336 1610 1485 1657 ejusdem
1512 1611 1630 1646 Curiae
1648 1610 1864 1657 ignominiam
1877 1637 1887 1652 ‚
1909 1622 1947 1646 ac
1970 1612 2195 1659 complurium
2211 1610 2272 1658 qni

1336 1659 1369 1693 in
1383 1658 1553 1705 praemiffis
1582 1672 1650 1694 non
1667 1658 1873 1706 delinquunt
1887 1686 1896 1700 ,
1913 1658 2163 1695 detrimentum.
2193 1659 2273 1694 Nos

1337 1707 1534 1753 cupientes,
1560 1717 1724 1754 quantum
1743 1718 1819 1743 cum
1836 1707 1917 1742 Deo
1934 1707 2126 1753 possumus,
2151 1708 2273 1742 anima-

1338 1766 1410 1789 rum
1436 1755 1594 1801 periculis
1620 1755 1778 1795 obviare,
1807 1755 1928 1789 &aliis
1951 1751 2272 1792 inconveniensibus

1339 1802 1509 1850 praediflis
1538 1815 1739 1844 occurrere,
1766 1814 1863 1838 motu
1892 1804 2033 1850 proprio
2058 1817 2124 1839 non
2148 1804 2190 1838 ad
2215 1803 2276 1838 ali-

1340 1852 1441 1898 cujus
1457 1852 1554 1885 nobis
1581 1851 1680 1897 super
1700 1852 1769 1886 hoc
1800 1851 1925 1886 oblatae
1954 1851 2128 1898 petitionis
2152 1852 2275 1886 inflan-

1342 1899 1419 1935 tiam
1433 1927 1442 1940 ,
1462 1899 1517 1934 sed
1533 1911 1572 1934 ex
1588 1911 1681 1934 certa
1703 1899 1858 1939 scientia,
1876 1900 1909 1933 &
1923 1911 2010 1935 mera
2032 1899 2277 1934 deliberatione

1343 1947 1462 1982 nostris
1484 1960 1544 1994 per
1568 1947 1750 1993 praesentes
1768 1947 1999 1989 decernimus,
2019 1949 2052 1983 δε
2068 1948 2276 1983 declaramus

1342 2009 1457 2031 omnes
1475 2022 1484 2037 ,
1503 1996 1536 2030 ὃ(
1553 1996 1696 2043 singulas
1714 1996 1894 2030 societates
1911 1995 1952 2029 ad
1971 1996 2133 2031 rationem
2149 2008 2278 2036 certae,

1343 2045 1377 2079 &
1414 2043 1646 2080 determinatae
1679 2044 1898 2091 pecuniarum
1933 2043 2092 2086 summae,
2119 2044 2278 2091 quolibet

1343 2092 1476 2134 mense,
1507 2093 1561 2126 vel
1578 2104 1687 2132 anno,
1711 2103 1771 2127 aut
1795 2092 1861 2127 alio
1887 2092 2013 2128 statuto
2038 2102 2191 2138 tempore
2213 2091 2279 2127 sol-

1345 2141 1467 2175 vendae
1479 2167 1488 2181 ,
1513 2140 1610 2175 etiam
1627 2139 1687 2174 sub
1705 2140 1859 2186 periculo
1884 2141 2004 2175 mortis
2018 2141 2163 2189 alicujus
2177 2167 2185 2181 ,
2200 2140 2279 2176 alias

1344 2201 1445 2237 quam
1465 2188 1563 2235 super
1584 2187 1704 2223 officiis
1720 2187 1876 2236 praefatae
1893 2189 2011 2224 Curiae
2031 2188 2074 2223 de
2089 2199 2220 2224 caetero
2235 2189 2279 2222 sa—

1345 2236 1480 2272 ciendas
1508 2236 1662 2277 illicitas,
1683 2239 1716 2272 &
1744 2236 1883 2282 injustas
1919 2236 2014 2278 fore,
2043 2238 2076 2272 &
2103 2236 2281 2271 usurariam

1344 2285 1545 2333 pravitatem
1566 2285 1764 2327 continere,
1782 2285 1816 2320 ὃς
1837 2296 1878 2319 ex
1891 2284 1939 2318 eis
1951 2284 2052 2321 alicui
2065 2285 2120 2331 jus
2132 2311 2142 2328 ,
2156 2296 2213 2321 aut
2227 2295 2281 2319 ac·

1345 2335 1473 2369 tionem
1494 2333 1623 2382 acquiri
1641 2345 1710 2368 non
1733 2333 1833 2380 posse.
2129 2376 2131 2380 Α

1394 2382 1443 2416 Et
1472 2381 1604 2428 insuper
1626 2380 1689 2416 hac
1709 2381 1818 2416 nostra
1836 2391 2007 2430 perpetuo
2031 2380 2172 2417 valitura
2198 2392 2285 2416 con-

1348 2430 1527 2466 stitutione
1554 2429 1717 2465 sancimus
1742 2438 1848 2477 atque
1872 2430 2069 2470 statuimus,
2095 2429 2128 2464 &
2153 2429 2285 2464 ordina-

1348 2491 1439 2518 mus,
1464 2477 1564 2525 quod
1581 2478 1624 2512 de
1644 2489 1775 2513 eaetero
1792 2478 1965 2524 perpetuis
1983 2477 2106 2512 suturis
2122 2478 2284 2523 tempori·
2319 2500 2325 2507 »

1348 2529 1430 2566 bus,
1443 2527 1559 2560 nullus
1577 2526 1687 2561 tamin
1702 2525 1789 2560 dista
1802 2526 1919 2567 Curia,
1932 2538 2032 2574 quam
2048 2525 2080 2560 in
2096 2536 2169 2560 tota
2182 2525 2287 2560 ditio-

1350 2588 1392 2610 ne
1407 2574 1638 2610 Ecclefiassica
1653 2574 1821 2615 officialis,
1836 2573 2200 2621 cujuscunquessatus,
2212 2585 2288 2621 gra-

1352 2625 1416 2659 dus
1430 2650 1439 2664 ,
1460 2622 1607 2663 ordinis,
1631 2621 1829 2668 dignitatis,
1860 2622 2072 2657 conditionis
2086 2647 2096 2663 ‚
2125 2623 2159 2657 &
2176 2634 2286 2669 prafe-

1351 2671 1522 2706 minentiae
1539 2670 1674 2710 exiliat,
1692 2671 1839 2716 aliquam
1864 2670 2058 2705 societatem
2088 2669 2183 2718 super
2210 2669 2285 2705 offi-
2338 2664 2341 2666 ’

1353 2720 1426 2760 cio,
1451 2720 1502 2753 vel
1520 2717 1640 2753 officiis
1659 2718 1700 2752 nd
1725 2717 1829 2753 nostri
1856 2717 1911 2752 seu
1941 2718 2048 2759 sedis,
2071 2718 2124 2752 vel
2144 2729 2287 2753 camerae

1353 2766 1591 2813 Apostolicae,
1613 2766 1666 2799 vel
1682 2766 1876 2807 Camerarii,
1896 2766 2185 2807 Vicecancellarii,
2203 2765 2286 2800 Poe-

1355 2815 1538 2850 nitentiarii
1564 2813 1719 2864 maJ'oris,
1739 2814 1955 2849 &causarum
1975 2814 2093 2849 Palatii
2110 2813 2287 2861 Apostoli-

1355 2865 1405 2904 ci,
1421 2862 1631 2898 Auditorum
1649 2861 1898 2908 dispositionem
1922 2861 2189 2910 quomodolibet
2209 2873 2286 2908 per-

1356 2913 1507 2952 tinente,
1527 2910 1579 2944 seu
1600 2910 1844 2957 pertinentibus
1868 2922 1950 2957 quae
1971 2909 2072 2944 vendi
2097 2909 2288 2945 consueve-

1357 2961 1421 2995 rint
1433 2986 1442 3001 ,
1461 2971 1520 3005 per
1536 2970 1612 2993 eum
1638 2970 1701 3005 pro
1718 2969 1870 3004 tempore
1886 2958 2038 2993 obtentis
2063 2969 2140 2993 cum
2154 2957 2288 3005 aliqua.

1358 3008 1414 3042 seu
1434 3007 1621 3054 aliquibus,
1650 3005 1808 3053 persona,
1827 3005 1884 3040 seu
1907 3005 2076 3052 personis,
2096 3004 2290 3046 communi,

1358 3056 1510 3103 collegio
1524 3082 1532 3096 ‚
1556 3055 1609 3089 vel
1623 3054 1837 3090 univerfitate
1848 3081 1857 3094 ,
1874 3054 1961 3088 ultra
1975 3054 2153 3090 dimidium
2169 3053 2291 3088 valoris

1359 3104 1480 3145 officii,
1505 3103 1558 3140 seu
1578 3102 1770 3138 officiorum
1791 3101 2008 3150 huiusmodi,
2025 3102 2058 3137 δε
2086 3102 2143 3137 nisi
2158 3112 2289 3148 praece-

1359 3152 1461 3187 dente
1483 3152 1649 3198 fignatura
1667 3150 1686 3184 a
1715 3150 1834 3189 nobis,
1860 3159 1920 3184 aut
1939 3149 2098 3185 Romano
2123 3148 2291 3184 Pontifice

1360 3212 1423 3247 pro
1446 3211 1599 3247 tempore
1620 3198 1782 3233 existente
1797 3199 1935 3234 obtenta
1948 3224 1958 3239 ,
1978 3198 2012 3232 in
2029 3209 2096 3244 qua
2112 3197 2291 3232 substantia

1361 3248 1407 3283 rei
1421 3248 1463 3283 ad
1484 3247 1572 3288 hoc,
1595 3258 1634 3282 ut
1658 3245 1799 3280 discerni
1822 3243 1942 3292 possit,
1966 3258 2006 3280 an
2031 3245 2124 3282 licita
2148 3245 2208 3287 sit,
2238 3244 2292 3278 ves

1361 3296 1477 3331 illicita
1489 3324 1498 3335 ,
1519 3294 1632 3330 facere
1645 3293 1822 3340 praesumat
1838 3307 1845 3329 :
1865 3295 1899 3328 ὅ(
1922 3292 2019 3340 quod
2041 3293 2217 3330 societates
2235 3291 2292 3326 su-

1361 3356 1420 3391 per
1436 3343 1557 3378 officiis
1585 3341 1782 3387 hujusmodi
1810 3342 1903 3376 aliter
1919 3341 2016 3376 faita:
2040 3352 2110 3376 non
2138 3341 2291 3381 valeant,

1361 3404 1426 3426 nce
1445 3392 1572 3426 viribus
1596 3389 1787 3432 subsistant,
1815 3400 2000 3436 earumque
2023 3399 2192 3437 praetextu
2217 3390 2291 3422 nul.-

1362 3440 1491 3474 latenus
1509 3439 1563 3486 agi
1584 3436 1694 3485 possit.

1412 3488 1490 3522 Nos
1505 3489 1590 3521 enim
1612 3485 1793 3532 fignaturas
1813 3484 2009 3532 hujusmodi
2040 3487 2142 3530 (quas
2166 3484 2294 3533 absque

1363 3537 1498 3570 aliarum
1521 3535 1706 3570 litterarum
1729 3532 1959 3580 expeditione,
1982 3534 2098 3578 regula
2127 3534 2295 3568 contraria

1363 3595 1432 3617 tion
1452 3583 1617 3622 obstante,
1631 3580 1782 3616 sufficere
1795 3582 1972 3626 volumus)
1989 3591 2047 3624 per
2063 3580 2208 3615 nostrum
2223 3582 2295 3618 Da-

1364 3631 1483 3664 tarium
1502 3631 1543 3663 ad
1560 3630 1657 3664 inssar
1679 3629 1935 3676 resignationem
1961 3627 2150 3665 officiorum
2175 3624 2294 3675 liujus-

1363 3678 1458 3714 modi
1483 3677 1650 3724 expediri,
1674 3678 1708 3712 &
1732 3677 1827 3723 pasta
1845 3676 1878 3710 in
1897 3674 1950 3709 liis
1966 3675 2210 3717 societatibus,
2233 3687 2296 3722 pro

2143 3732 2296 3771 tempore

2389 2093 2395 2192 3

2386 2194 2400 2307 ³,
