2400 3939
216 1478 284 1510 440

215 1600 283 1652 44i

222 2301 290 2333 44²

246 3549 311 3585 443

276 244 448 293 remaneas
488 250 638 286 creditor
674 251 763 286 Petri
791 249 833 283 ad
871 261 972 296 quem
1000 248 1147 295 spe&ant
1173 246 1254 282 disti

275 305 363 340 scuti
400 314 477 336 100.
513 300 644 347 poteris
677 299 819 344 retinere
851 324 860 339 ‚
888 299 921 332 &
948 294 1163 342 compensare
1190 306 1253 341 pro

277 348 502 388 concurrenti
537 348 726 396 quantitate
749 373 758 388 ,
790 345 860 380 five
895 345 922 382 is
952 344 1102 380 creditor
1130 355 1192 390 pro
1218 353 1254 378 te

278 412 319 435 ex
356 394 474 446 aliquo
513 396 689 431 contractu
713 422 722 438 ,
754 404 867 429 tecum
890 393 1005 439 r{gesto
1035 419 1045 434 ‚
1085 391 1153 425 five
1190 402 1252 437 pro

279 457 449 493 computo
475 445 615 479 aliorum
638 470 646 484 ‚
674 454 712 478 ut
738 442 818 490 quia
843 441 961 479 Petrus
981 441 1019 475 sit
1045 439 1183 474 debitor
1201 438 1253 474 tui

280 495 444 531 debitoris
466 507 474 529 :
502 492 614 537 Quod
642 492 664 526 fi
691 501 729 527 tu
749 501 823 534 non
840 487 1179 524 remaneasfcreditor
1194 486 1246 521 di-

281 545 325 580 ἂί
354 542 470 587 Petri,
498 541 550 575 vel
573 539 712 586 superfit
738 537 866 586 aliquid
890 537 974 572 faeta
1001 534 1251 582 compensatio—

283 604 325 628 ne
344 618 353 631 .
379 600 462 625 tunc
488 588 615 623 exafflo
633 587 767 625 totius,
795 586 854 620 seu
879 584 1000 620 refidui
1026 583 1187 630 [pestabit
1209 582 1252 617 ad

280 641 366 676 alios
382 638 568 673 creditores
582 636 685 671 Petri.
713 634 782 669 Sed
797 633 843 668 est
862 633 1109 667 advertendum
1123 657 1132 672 ,
1150 631 1250 679 quod

283 689 307 724 fi
333 689 366 722 in
391 685 509 721 litteris
535 683 652 720 cambii
680 709 689 724 ,
706 693 802 731 vquas
828 681 889 716 tibi
910 678 974 716 feci
994 707 1004 723 ‚
1032 679 1097 715 fuit
1125 678 1254 726 expres-
1277 707 1285 713 ,
1301 684 1326 717 d

284 736 354 772 sum
370 762 379 776 ,
407 732 504 782 quod
523 732 603 768 dieti
628 732 719 766 scuti
749 742 824 765 100.
851 730 904 764 seu
929 728 1097 776 inquam„
1119 727 1254 762 illorum

284 782 412 820 remissa
426 781 549 827 [pestat
569 780 611 815 ad
628 780 764 816 Petrum
783 806 792 820 ‚
819 778 852 812 ὅ(
873 789 940 824 ego
957 804 966 817 ‚
989 776 1050 823 qui
1071 773 1147 811 illos
1164 787 1254 810 carn-

284 833 342 869 bio
371 829 510 876 accepi,
538 828 606 865 sum
627 828 727 863 etiam
755 825 906 862 creditor
927 825 1006 859 dieti
1034 824 1152 865 Petri,
1171 834 1254 859 tunc

285 893 354 916 non
375 888 415 914 tu
430 904 439 919 ‚
467 877 528 926 qui
550 876 671 912 dedisti
693 875 844 916 cambio,
866 873 922 908 sed
943 886 1010 922 ego
1027 900 1036 916 ,
1060 873 1118 920 qui
1135 871 1255 918 accepi

287 940 412 977 potero
439 921 526 961 ante⁴
546 936 661 960 omnes
691 924 834 968 retinere
860 949 869 964 ,
892 923 925 963 ὃς
955 920 1168 968 compensare
1193 931 1256 967 pro

282 973 513 1012 vconcurrenti
540 972 756 1021 quantitate,
784 971 817 1006 in
840 981 908 1018 qua
931 982 993 1016 pro
1017 981 1092 1010 me,
1116 969 1170 1003 vel
1193 979 1256 1015 pro

291 1034 457 1071 computo
476 1022 619 1057 aliorum
637 1019 705 1054 sum
720 1019 871 1054 creditor
890 1031 903 1061 ς
930 1018 976 1052 ita
1001 1029 1109 1054 tamen
1123 1044 1133 1059 ,
1147 1015 1256 1065 *quod

293 1081 407 1109 teneat
433 1067 582 1116 repartiri
605 1095 614 1110 ‚
639 1070 672 1103 ὅ(
696 1067 894 1113 distribuere
915 1066 957 1101 ad
983 1077 1084 1100 ratam
1112 1077 1120 1099 ε
1151 1064 1206 1098 sed
1234 1063 1257 1097 si

294 1134 363 1169 ego
380 1131 448 1154 non
467 1120 536 1152 sum
561 1117 708 1152 creditor
723 1142 733 1157 ,
761 1126 846 1157 tunc
870 1114 998 1149 exactio
1012 1141 1022 1155 ,
1044 1117 1077 1149 ὃς
1099 1123 1258 1159 compen-

294 1169 378 1204 satio
406 1165 528 1213 speetat
546 1165 577 1200 in
601 1174 712 1200 totum
737 1163 779 1199 ad
797 1173 832 1198 te
846 1189 856 1204 ‚
883 1163 944 1209 qui
960 1162 1081 1197 dedisti
1096 1160 1229 1196 cambio
1248 1187 1256 1201 ,

297 1218 330 1252 ὅ(
350 1226 460 1252 totum
483 1214 551 1249 hoc
569 1213 757 1259 exemplum
779 1211 902 1246 habent
923 1210 1114 1246 Genuenses
1142 1213 1174 1243 in
1185 1209 1259 1254 sta-

296 1275 358 1300 tut.
376 1266 449 1306 li.4.
470 1275 553 1306 c-r4.
568 1264 600 1308 ξ.
617 1262 644 1304 fi
662 1264 734 1309 quis
755 1261 783 1294 il
808 1273 836 1294 r.
859 1260 961 1305 cujus
982 1258 1096 1294 statuti
1121 1256 1258 1304 disposi-

297 1312 426 1348 tionem
451 1337 461 1353 ‚
497 1321 655 1358 tanquam
691 1308 775 1356 juris
808 1307 997 1343 communis
1036 1304 1259 1353 interpretati-

299 1373 371 1395 vam
385 1388 395 1403 ,
413 1361 446 1395 &
460 1368 657 1407 mercaturae
673 1357 811 1392 amicam
827 1383 837 1398 ,
854 1355 985 1403 ubique
999 1353 1260 1402 amplestendam

299 1409 477 1444 censerem.

347 1457 462 1492 Infero
486 1467 525 1489 ex
550 1454 608 1489 ista
633 1453 935 1500 exemplificatione
951 1479 960 1492 ,
984 1450 1079 1498 quod
1091 1452 1210 1496 statut.
1230 1452 1261 1482 in

298 1507 334 1541 d.
352 1508 383 1553 ξ.
408 1505 431 1547 [ἱ
447 1507 516 1551 quis
538 1504 565 1537 il
589 1516 616 1537 ι.
634 1516 701 1537 non
725 1501 910 1548 procedit,
934 1499 1145 1545 disponendo
1169 1525 1177 1538 ,
1206 1496 1262 1531 sed

298 1551 575 1600 exemplificando
593 1578 601 1592 ,
621 1551 678 1586 seu
703 1549 906 1597 exponendo
932 1547 1061 1583 initium
1086 1548 1213 1588 d.c.14.

346 1601 492 1638 Declara
527 1599 676 1634 secundo
704 1626 713 1641 ‚
752 1609 790 1633 ut
823 1598 846 1631 fi
881 1610 920 1632 ex
949 1595 1119 1643 praedietis
1146 1594 1264 1629 litteris

279 1692 287 1694 ..
301 1650 446 1690 cambii,
471 1649 514 1683 de
540 1648 665 1696 quibus
691 1648 829 1683 locutus
851 1645 920 1679 sum
950 1645 1006 1679 sol.
1029 1648 1061 1678 in
1085 1642 1264 1690 exemplifi-

299 1696 426 1735 'catione
451 1710 537 1731 num.
555 1708 635 1743 439.
660 1695 715 1730 seu
743 1707 783 1729 ex
805 1694 867 1728 alia
892 1693 1055 1738 scriptura
1074 1719 1084 1733 ,
1109 1700 1266 1738 appareat

297 1748 410 1783 saltem
435 1757 494 1793 per
522 1743 594 1779 dies
621 1743 816 1792 quindecim
839 1752 916 1776 ante
941 1741 1180 1776 decoetionem
1206 1740 1266 1772 de-

242 1834 244 1837 ,
298 1795 439 1836 biteris,
461 1793 504 1830 ad
531 1804 631 1840 quem
659 1792 804 1839 speetent
827 1790 984 1837 pecuniae
1010 1790 1101 1823 data:
1119 1788 1160 1822 ad
1180 1799 1267 1821 cam-

300 1844 391 1880 bium
419 1870 429 1885 ,
456 1841 514 1876 seu
544 1841 620 1876 aliae
647 1851 775 1875 merces
794 1865 803 1880 ‚
842 1839 876 1872 ὅ(
901 1839 946 1872 ita
979 1837 1075 1872 etiam
1107 1836 1267 1882 reperire-

302 1903 358 1928 tur
382 1899 579 1926 annotatum
607 1889 640 1923 in
658 1888 752 1931 libro
785 1886 873 1920 illius
895 1913 904 1927 ‚
932 1886 992 1933 qui
1018 1885 1267 1931 affignationem

303 1940 347 1975 de
374 1937 545 1985 praedistis
569 1936 697 1972 fecisset
722 1963 732 1977 ‚
761 1945 846 1969 tunc
874 1934 929 1980 jus
956 1932 1112 1979 exigendi
1138 1959 1146 1972 ,
1174 1944 1265 1966 com-

301 1987 458 2036 pensandi
486 2013 495 2028 ,
520 1988 554 2021 ὃς
587 1984 751 2026 retinendi
782 1994 956 2028 competat
988 1983 1129 2028 primum
1154 1980 1198 2014 illi
1226 1980 1268 2013 ad

301 2048 405 2086 quem
431 2049 471 2071 ex
497 2034 584 2069 dieta
606 2033 826 2068 annotatione
853 2030 1019 2065 constaret
1044 2057 1053 2070 ,
1081 2030 1184 2064 distas
1207 2040 1266 2074 pe-

302 2086 418 2122 cunias
445 2083 613 2131 pertinere
638 2108 648 2124 ‚
671 2092 709 2117 ut
737 2084 770 2116 in
792 2079 999 2125 eod.statut.
1016 2079 1074 2114 lib.
1090 2091 1123 2120 4.
1140 2078 1265 2122 c.r4.§.

302 2146 419 2169 verum
448 2133 476 2167 il
498 2146 526 2166 r.

283 2178 285 2181 ¹
353 2182 401 2217 Et
435 2182 511 2216 haec
543 2179 587 2215 de
622 2178 727 2226 prima
753 2174 955 2212 limitatione
979 2202 990 2218 ,
1027 2175 1136 2222 posita
1161 2176 1270 2222 supra

283 2269 290 2272 ,
303 2244 391 2267 num.
409 2242 488 2275 4¹7·

358 2279 484 2315 Limita
502 2276 651 2312 secundo
668 2303 678 2317 ‚
699 2284 738 2310 ut
763 2286 830 2310 non
847 2273 1014 2320 procedat
1028 2299 1038 2314 ,
1059 2271 1205 2319 quando
1218 2271 1276 2305 de-

310 2329 404 2365 bitor
429 2325 576 2362 solviffet
600 2323 762 2360 creditori
780 2322 957 2369 posteriori
975 2348 984 2362 ‚
1010 2320 1109 2355 eriam
1126 2332 1193 2355 non
1212 2319 1277 2366 hy-

312 2375 512 2426 pothecario
534 2401 544 2416 ,
567 2374 648 2421 quia
673 2383 755 2408 tunc
786 2370 936 2406 creditor
957 2370 1104 2404 anterior
1121 2395 1131 2410 ,
1158 2379 1275 2415 quam-

314 2426 366 2460 vis
393 2424 491 2459 etiam
524 2420 793 2470 hypothecarius
819 2446 829 2460 ‚
860 2419 892 2453 ὃ(
923 2418 1000 2451 alias
1030 2417 1146 2464 potior
1169 2443 1177 2457 ‚
1207 2427 1276 2450 non

311 2473 422 2521 posset
445 2472 465 2506 a
493 2470 669 2518 posteriori
696 2479 841 2503 avocare
864 2467 1039 2512 pecuniam
1060 2492 1070 2506 ‚
1097 2466 1185 2501 bona
1207 2464 1275 2498 fide

311 2522 454 2558 solutam
478 2546 497 2561 „
516 2520 550 2554 &
572 2519 802 2563 consumptam
823 2528 836 2559 ·‚
856 2516 937 2562 quia
962 2514 984 2547 fi
1009 2514 1103 2548 aliter
1129 2513 1274 2547 servare-

314 2580 370 2607 tur
388 2596 397 2610 .
428 2578 523 2603 totus
548 2566 694 2602 mundus
718 2563 796 2600 esset
814 2565 845 2598 in
861 2563 974 2598 litibus
989 2588 998 2602 ‚
1021 2563 1054 2596 ὃς
1075 2571 1277 2595 mercatores

288 2655 297 2659 ,
313 2611 334 2654 ἒ
350 2615 584 2652 contrahendo
606 2614 853 2650 deterrerentur
867 2638 876 2652 ,
903 2621 941 2644 ut
966 2609 1076 2645 fuisset
1091 2610 1275 2644 resolutum

297 2667 349 2702 .in
363 2664 454 2700 cons.
473 2665 611 2711 Neapol.
631 2675 667 2697 re
684 2662 782 2708 plene
797 2658 938 2696 discuffa
953 2685 963 2700 ‚
986 2656 1088 2693 refert
1104 2657 1186 2701 Affl.
1204 2658 1274 2692 dec.

319 2727 395 2760 ¹90·
416 2712 598 2759 pu'lchrum.
615 2713 736 2745 num.6.
759 2709 792 2746 ὠ
810 2721 844 2753 7.
860 2708 1008 2754 haecque
1023 2707 1189 2741 resolutio
1208 2705 1276 2752 pla-

304 2763 391 2799 2cuit
411 2761 571 2808 deinceps
589 2758 755 2797 Commio,
773 2758 806 2792 ὃς
821 2755 941 2790 tsecuti
962 2755 1058 2793 sunt,
1083 2755 1116 2789 ὃς
1137 2753 1277 2802 sequun-

317 2821 375 2847 tur
389 2810 444 2844 alii
460 2835 469 2850 ,
485 2820 575 2856 quos
594 2808 676 2842 citat
693 2806 796 2839 Flam.
811 2807 898 2839 Cart.
919 2804 1018 2850 decis.
1041 2815 1051 2836 ι
1059 2815 1090 2846 9.
1106 2803 1278 2849 pulchrum

307 2859 375 2909 fich
396 2859 518 2893 num.6.
545 2853 740 2891 Genuenses
773 2851 1013 2898 eamamplexi
1043 2850 1116 2885 sunt
1141 2850 1175 2884 in
1196 2851 1278 2896 stat.

318 2907 415 2949 lib.4.
429 2916 536 2953 cap-7.
552 2906 583 2950 §.
596 2904 720 2951 penult.
733 2903 765 2936 ὃ(
780 2900 920 2948 amplexi
937 2909 1030 2934 erant
1046 2909 1143 2932 antea
1159 2899 1192 2932 in
1205 2898 1279 2933 stat.

320 2956 466 3002 antiquo
485 2979 494 2995 ,
519 2952 619 3001 quod
643 2953 723 2987 citat
747 2952 856 2984 Paris.
880 2948 983 2990 confil.
997 2950 1052 2991 69.
1063 2947 1095 2992 fi
1113 2949 1209 2990 juris.
1225 2959 1279 2981 nu.

317 3015 352 3046 4.
371 3004 428 3038 lib.
447 3014 480 3045 4.

340 3094 342 3096 r
371 3048 539 3098 Quamvis
569 3059 684 3084 contra
714 3046 852 3081 Confilii
886 3043 1103 3093 Neapolitani
1138 3044 1281 3080 decisio-

321 3114 397 3138 nem
413 3126 423 3140 ,
445 3097 557 3133 multis
579 3095 733 3130 adductis
753 3095 938 3129 rationibus
961 3121 970 3134 ,
996 3101 1106 3128 teneat
1134 3093 1280 3128 Stracch.

321 3150 420 3186 zraft.
447 3147 489 3181 de
510 3145 630 3180 demet.
652 3156 725 3191 par.
754 3144 814 3176 ult.
831 3143 897 3190 sub
919 3153 1041 3176 numer.
1065 3153 1119 3185 30.
1145 3141 1180 3177 &
1187 3143 1280 3188 seqq.

323 3198 411 3244 vers.
444 3195 509 3241 sed
535 3195 610 3228 licet
635 3192 752 3235 junslis
779 3203 864 3224 num.
891 3190 1028 3237 praeced.
1062 3190 1117 3224 26.
1140 3191 1174 3224 (θ’
1188 3192 1282 3237 seqq.

326 3258 400 3280 tom.
429 3245 461 3277 6.
488 3253 562 3289 par.
592 3240 703 3286 1.fol.
731 3251 808 3284 329.
834 3250 936 3285 quem
958 3236 1107 3284 sequitur
1128 3237 1223 3282 Urfil.
1252 3242 1284 3271 in

325 3303 435 3328 annot.
451 3292 498 3325 ad
515 3289 597 3333 Affl.
621 3288 712 3321 dista
731 3287 802 3320 dec.
820 3286 960 3332 190.sub
980 3299 1066 3321 num.
1088 3297 1120 3330 5.
1142 3287 1227 3331 vers.
1250 3286 1284 3320 (9³

328 3341 404 3375 lice't
430 3340 464 3376 (ς’
490 3339 679 3384 ηιιηι.]“ε99.
704 3335 737 3369 &
760 3334 867 3369 forsan
894 3333 936 3368 de
960 3334 1073 3380 rigore
1096 3332 1181 3378 juris
1208 3334 1284 3368 haec

328 3388 495 3423 contraria
511 3384 669 3423 sententia
684 3383 730 3424 est
756 3383 866 3427 verior
883 3410 891 3424 ‚
914 3393 971 3428 per
989 3394 1026 3415 ea
1043 3392 1125 3428 quae
1141 3380 1286 3428 allegant

328 3436 457 3482 ipsimet
485 3434 565 3477 Affl.
586 3434 742 3476 dec.190.
762 3443 885 3466 numa.
910 3430 1046 3478 &fiqq-
1066 3429 1102 3465 &
1125 3433 1236 3465 Paris.
1253 3430 1287 3463 d.

328 3483 492 3526 confil.69.
508 3495 593 3515 num.
604 3494 633 3516 ι.
714 3506 717 3509 Α
810 3505 865 3523 03.-

377 3530 535 3565 Extende
556 3529 643 3563 hanc
665 3527 919 3569 limitationem,
938 3527 1023 3561 utin
1047 3525 1134 3572 Rep.
1155 3527 1291 3561 Genuae

291 3617 294 3619 Α
331 3578 495 3627 procedat
510 3589 578 3610 non
602 3577 707 3610 solum
724 3576 756 3609 in
772 3575 940 3610 solutione
954 3601 964 3615 ,
989 3575 1145 3620 pecuniae
1161 3601 1171 3615 ‚
1190 3585 1229 3608 ut
1244 3574 1294 3607 lo-

291 3660 296 3663 .
330 3636 434 3664 cutus
457 3626 527 3660 sum
547 3624 580 3658 in
599 3625 662 3657 hac
685 3623 884 3658 limitatione
899 3649 908 3664 ‚
929 3622 986 3658 sed
1010 3622 1174 3669 procedat
1194 3621 1293 3657 etiarn

333 3676 367 3711 in
382 3673 525 3712 ceffione
544 3699 555 3714 ,
578 3672 612 3708 ὃς
630 3670 770 3708 datione
786 3671 821 3705 in
836 3670 983 3711 solutum
1001 3669 1142 3707 nominis
1160 3669 1295 3709 debito-

677 160 1037 247 Sigismundi
1062 159 1304 233 Scacciae
1332 159 1530 220 Transt.
1556 159 1631 219 de
1659 161 1954 219 Commer.

1305 249 1349 283 ris
1375 276 1384 291 ,
1410 251 1467 284 seu
1495 250 1712 296 delegatione
1737 275 1747 291 ,
1777 247 1954 294 posteriori
1985 248 2148 287 creditori
2180 252 2269 288 bona

1303 297 1373 332 fide
1399 297 1492 332 saetis
1515 311 1528 342 ;
1552 298 1633 345 quia
1655 307 1741 331 tunc
1764 296 1913 333 creditor
1940 295 2085 332 anterior
2100 324 2112 350 .’
2130 301 2191 346 qui
2210 300 2270 340 ha-

1303 346 1406 381 bebat
1434 346 1663 393 hypothecam
1695 346 1894 380 anteriorem
1922 369 1932 385 ,
1970 344 2003 378 &
2033 355 2167 391 potiora
2195 338 2278 394 jura‘
2318 343 2322 345 ’

1298 394 1332 428 in
1356 394 1415 429 illo
1442 394 1562 429 eoden
1596 393 1732 428 nomine
1757 419 1767 434 ‚
1796 405 1864 428 non
1899 393 2026 439 poterit
2050 394 2091 427 ab
2118 395 2177 430 illo
2208 408 2270 442 po-

1302 441 1433 476 steriori
1456 442 1626 478 creditore
1650 452 1796 475 avocare
1818 441 1903 475 illud
1928 451 2050 475 nomen
2067 467 2077 482 ,
2095 442 2139 478 sie
2158 442 2273 490 dispo-

1302 499 1404 530 nente
1428 490 1462 525 d.
1473 491 1590 536 statut.
1613 500 1721 537 cap.7.
1739 490 1770 534 ξ.
1788 489 1910 536 penult.
1931 487 1989 523 lib.
2008 501 2040 530 4.
2064 490 2272 530 &scribunt

1301 537 1400 584 super
1420 550 1463 574 eo
1485 541 1595 573 Paris.
1617 538 1653 574 d.
1668 537 1833 581 confil.69.
1847 549 1933 570 num.
1952 548 1983 569 2.
2010 537 2044 572 (ἐν
2060 540 2155 586 seqq,
2180 552 2270 573 vers.

1301 597 1411 621 tamen
1435 587 1634 628 confiderata
1649 583 1774 620 additis
1791 586 1832 619 iis
1845 612 1854 626 ,
1874 586 1934 631 qui
1950 583 2034 618 dicit
2055 587 2168 631 postea
2184 600 2270 622 num.

1303 649 1338 683 7.
1360 633 1396 671 &
1410 637 1505 682 seqq.
1529 636 1616 682 vers.
1634 646 1694 680 quo
1710 633 1825 676 stante.
1850 633 1946 677 lib.4.
1964 632 1983 666 ὲ
1998 644 2070 680 quo
2084 633 2270 671 Flamma.

1329 707 1337 716 .
1361 683 1433 717 dec.
1459 693 1511 725 19.
1531 693 1591 729 per
1613 692 1715 716 totam
1730 707 1740 721 ‚
1766 691 1888 715 mutuo
1915 681 2082 727 integram
2104 682 2271 725 illamde-

1302 730 1460 767 cifionem
1484 730 1518 764 in
1547 728 1726 764 substantia
1755 729 1887 775 accepit
1914 756 1924 770 ‚
1960 728 2160 774 quibusdam
2187 725 2271 778 pau-

1304 778 1352 813 cis
1378 778 1516 813 mutatis
1541 779 1575 813 &
1602 776 1725 812 additis
1746 803 1756 819 ,
1782 776 1948 812 firmando
1971 777 2058 811 hanc
2077 778 2193 814 eadem
2213 773 2271 816 ei-

1306 827 1498 862 tensionem.

1353 874 1457 910 Ratio
1473 874 1588 921 ,huJ‘us
1612 872 1814 909 extensionis
1836 873 1883 907 est
1899 900 1909 916 ,
1931 874 2013 922 quia
2039 873 2210 924 quicquid
2231 875 2350 921 sitm

1305 922 1339 957 in
1367 923 1495 970 punito
1519 921 1601 969 juris
1618 948 1628 964 ,
1654 922 1698 957 de
1725 934 1795 970 quo
1817 921 1895 956 vide
1921 925 2031 971 Paris.
2059 925 2094 959 d.
2113 924 2197 971 cons.
2213 925 2270 970 69.

1305 983 1392 1006 num.
1411 984 1441 1006 ι.
1458 971 1493 1008 69'
1506 973 1638 1005 Cartar.
1652 970 1688 1005 d.
1703 970 1794 1005 deca
1802 982 1962 1015 9.num.3.
1977 971 2137 1024 verjslj'qd
2149 973 2271 1022 omrffiz.

2393 401 2398 474 i

2356 430 2399 619 {i

1306 1020 1468 1054 statutum
1495 1019 1684 1071 aequiparat
1707 1018 1908 1053 solutionem
1930 1044 1940 1060 ,
1974 1019 2008 1053 &
2039 1021 2219 1056 dationem'.
2237 1019 2272 1054 in
2331 1010 2333 1013 .
2360 1003 2361 1008 Ἰ

1307 1067 1456 1102 solutum
1482 1067 1625 1102 nominis
1649 1065 1812 1101 debitoris
1833 1078 1846 1108 ;
1868 1067 1901 1100 ὅ(
1930 1078 2000 1101 non
2025 1068 2092 1102 sine
2113 1067 2245 1103 ratione
2259 1094 2270 1110 ‚

1310 1127 1387 1150 cum
1414 1115 1514 1150 ceffio
1536 1142 1546 1157 ,
1572 1116 1606 1150 ὃς
1627 1115 1722 1149 datio
1745 1114 1778 1148 in
1802 1114 1950 1148 solutum
1975 1115 2096 1151 habeat
2121 1113 2272 1151 naturam

1310 1163 1488 1207 solutionis
1522 1164 1554 1198 in
1584 1162 1730 1210 pecunia
1766 1172 1938 1197 numerata
1969 1189 1978 1205 ,
2015 1174 2052 1199 ut
2087 1164 2272 1212 sequuntur

1311 1214 1422 1247 Paris.
1439 1213 1474 1247 d.
1492 1214 1574 1260 confi
1593 1213 1648 1256 69.
1677 1224 1762 1245 num.
1778 1225 1809 1258 7.
1831 1211 1866 1247 &⁵
1882 1212 1976 1258 seqq.
2001 1212 2036 1249 (7
2054 1212 2159 1246 Flam.
2179 1213 2272 1247 Cart.

1311 1261 1383 1295 dec.
1416 1273 1468 1304 ¹9·
1493 1273 1578 1295 num.
1605 1274 1637 1308 7.
1669 1260 1702 1294 δε
1735 1259 1822 1294 inter
1852 1269 2057 1295 mercatores
2084 1260 2274 1296 admittitur

1312 1307 1479 1354 ejusmodi
1502 1308 1627 1343 solutio
1649 1335 1659 1350 ‚
1684 1317 1721 1344 ut
1747 1307 1816 1343 late
1842 1306 1951 1353 scripsi
1967 1308 2074 1355 supra
2095 1308 2160 1357 sub
2186 1321 2273 1344 num.

1315 1368 1392 1399 244-
1416 1359 1449 1393 (α
1473 1369 1552 1402 245·
2226 1350 2235 1357 ’

1361 1405 1539 1439 Sublimita
1567 1403 1703 1439 eandem
1739 1387 1972 1439 limitationem
1995 1432 2006 1447 ‚
2044 1406 2077 1440 δι
2111 1395 2275 1441 extensio·
2289 1398 2387 1447 445i4

1315 1464 1387 1487 nem
1403 1479 1412 1494 ‚
1433 1463 1470 1487 ut
1486 1465 1553 1488 non
1570 1452 1756 1498 procedant
1775 1451 1809 1484 in
1827 1452 1995 1488 solutione
2010 1480 2019 1494 ‚
2041 1454 2075 1488 &
2092 1453 2279 1488 donat-ione

1317 1502 1348 1534 in
1373 1501 1518 1536 solutum
1533 1528 1543 1542 ‚
1571 1500 1664 1535 factis
1690 1512 1757 1534 non
1776 1500 1865 1535 bona
1887 1500 1956 1535 fide
1972 1528 1982 1543 ,
2010 1501 2092 1549 quia
2114 1500 2280 1549 ejusmodi

1318 1549 1443 1585 solutio
1457 1550 1491 1584 ὅ(
1511 1549 1606 1584 datio
1623 1548 1654 1582 in
1676 1548 1821 1583 solutum
1844 1561 1912 1583 non
1937 1558 2078 1592 tenent,
2097 1551 2130 1584 ὅ(
2146 1549 2282 1585 Dosto-

1319 1610 1393 1639 res,
1419 1599 1452 1632 ὅς
1479 1598 1640 1632 statutum
1663 1596 1798 1643 allegati
1810 1599 1918 1645 supra
1941 1608 2111 1640 numana.
2138 1599 2172 1634 <tr
2186 1599 2280 1645 seqq.

1320 1646 1511 1694 loquuntur
1537 1645 1581 1679 de
1607 1644 1777 1680 solutione
1797 1671 1806 1687 ,
1832 1648 1866 1680 δε
1889 1646 2028 1680 datione
2050 1647 2082 1680 in
2105 1645 2251 1681 solutum
2270 1672 2280 1687 ‚

1318 1694 1410 1728 faffls
1431 1695 1519 1728 bona
1541 1693 1620 1728 fide.

1369 1741 1589 1788 Exemplifica
1612 1741 1698 1775 hanc
1724 1740 2018 1778 sublimitationem
2045 1742 2078 1776 in
2114 1739 2285 1777 solutione

1321 1792 1374 1824 seu
1401 1791 1539 1825 datione
1559 1791 1591 1823 in
1610 1789 1756 1825 solutum
1770 1817 1779 1833 ‚
1809 1790 1901 1825 fastis
1924 1792 1943 1825 a
1968 1790 2116 1826 decocto
2132 1789 2206 1836 post
2223 1789 2285 1823 de-

1321 1839 1512 1873 cofflonem
1535 1865 1544 1879 ‚
1572 1839 1625 1872 vel
1650 1838 1751 1884 paulo
1784 1850 1859 1873 ante
1888 1851 1901 1882 ;
1931 1851 2003 1873 nam
2033 1837 2284 1874 consueverunt

1323 1898 1526 1921 nercatores
1544 1913 1552 1927 ‚
1577 1897 1652 1919 cum
1669 1888 1734 1931 jam
1760 1887 1987 1924 conturbandi
2013 1885 2186 1922 confilium
2202 1885 2284 1919 inie-

1323 1947 1400 1970 runt
1417 1962 1426 1976 ,
1444 1935 1476 1968 se
1494 1934 1663 1980 aliquibus
1684 1934 1912 1971 creditoribus
1931 1933 2097 1982 gratiosos
2120 1932 2262 1969 reddere
2274 1960 2284 1976 ,

1324 1985 1447 2031 quibus
1473 1985 1505 2018 ὅ(
1534 1983 1556 2016 si
1576 1983 1610 2016 in
1634 1982 1723 2017 diem
1746 1984 1891 2018 debeant
1911 2010 1920 2024 ‚
1949 1982 2103 2029 praesenti
2121 1982 2257 2017 solvunt
2273 2008 2285 2024 ,

1322 2033 1375 2066 vel
1394 2031 1548 2079 quamvis
1563 2030 1646 2065 alios
1660 2031 1803 2066 habeant
1820 2031 2007 2067 creditores
2030 2030 2287 2078 privilegiatos;

1323 2093 1405 2128 quae
1432 2079 1640 2120 solutiones,
1669 2079 1721 2114 uti
1743 2080 1776 2114 in
1800 2080 1952 2115 fraudem
1971 2079 2112 2114 aliorum
2133 2078 2287 2113 credito-

1324 2141 1396 2163 rum
1415 2127 1511 2163 fzffiae
1529 2154 1538 2169 ‚
1568 2138 1773 2163 revocantur
1787 2154 1796 2169 ‚
1820 2128 1968 2163 Stracch.
1984 2128 2080 2162 ιναξῐ.
2100 2128 2143 2162 de
2164 2126 2286 2161 decofr.

1321 2188 1433 2224 par.3.
1450 2177 1595 2212 num.28.
1613 2177 1725 2210 rom.6.
1744 2177 2018 2224 par.1.fol.317.
2037 2176 2072 2210 &
2087 2175 2287 2220 ideostatu-

1323 2228 1366 2259 ris
1383 2226 1521 2258 Genuen.
1541 2225 1599 2258 lib.
1614 2236 1647 2266 4.
1664 2235 1773 2272 cap-7.
1788 2225 1830 2259 de
1847 2225 1966 2258 decott.
1988 2226 2020 2270 §.
2041 2225 2152 2268 secuta
2170 2223 2287 2258 decla-

1325 2277 1450 2308 ratione
1468 2299 1476 2313 ,
1495 2273 1530 2309 &
1555 2275 1586 2319 §.
1604 2272 1756 2319 ceffiones.
1778 2273 1914 2307 uberius
1939 2271 2141 2318 providetur
2158 2284 2166 2306 :
2187 2269 2287 2318 quod
2304 2261 2341 2283 ’ξ’

1325 2320 1484 2356 ceffiones
1494 2347 1504 2362 ‚
1524 2320 1678 2355 dationes
1691 2320 1724 2354 in
1740 2320 1900 2362 solutum,
1914 2321 1948 2355 &
1962 2320 2038 2354 aliae
2053 2318 2286 2366 dispositiones

1325 2371 1492 2404 bonorum
1509 2395 1518 2410 ‚
1541 2368 1640 2403 fastae
1657 2380 1717 2415 per
1736 2368 1923 2403 debitorem
1945 2368 1987 2402 ad
2011 2368 2160 2403 favorem
2179 2367 2288 2402 alicu-

1325 2419 1377 2464 jus
1396 2444 1406 2458 ,
1425 2417 1481 2452 seu
1496 2416 1688 2465 aliquorum
1707 2428 1747 2451 ex
1763 2417 1829 2453 suis
1845 2416 2074 2452 creditoribus
2087 2415 2173 2452 intra
2186 2414 2287 2462 quin-

1324 2466 1434 2502 decim
1458 2466 1530 2500 dies
1550 2492 1559 2506 ‚
1586 2464 1778 2499 immediate
1798 2464 2036 2501 antecedentes
2060 2463 2148 2498 diem
2166 2473 2288 2509 ruptu-

1324 2527 1371 2551 rae
1401 2541 1411 2555 ‚
1440 2515 1474 2549 &
1501 2514 1685 2548 habeantur
1711 2525 1775 2559 pro
1799 2524 1867 2547 non
1892 2512 1985 2548 fastis
2014 2526 2024 2549 ε
2053 2513 2177 2554 statuta
2202 2522 2287 2547 vero

1327 2563 1426 2597 Urbis
1455 2562 1512 2597 lib.
1539 2575 1567 2597 r.
1591 2575 1618 2598 c.
1650 2573 1726 2604 ¹¹4·
1748 2562 1829 2596 licet
1855 2572 1922 2597 non
1947 2561 1992 2596 ita
2014 2559 2288 2608 copioseyprovi-

1326 2611 1428 2645 deant
1444 2635 1454 2652 ‚
1480 2610 1663 2656 disponunt
1688 2619 1796 2643 tamen
1811 2635 1821 2649 ‚
1841 2609 1940 2656 quod
1955 2607 2112 2644 alienatio
2135 2607 2289 2654 cuiusvis

1328 2657 1460 2704 generis
1477 2684 1486 2699 ,
1513 2660 1584 2693 five
1607 2657 1682 2704 post
1704 2657 1940 2693 decoctionem
1956 2683 1966 2699 ‚
1990 2658 2059 2698 five
2083 2665 2161 2691 ante
2184 2655 2289 2700 deco-

1329 2707 1471 2742 ctionem
1500 2732 1510 2748 ‚
1537 2706 1621 2740 faeta
1644 2706 1686 2739 ab
1712 2716 1755 2741 eo
1778 2732 1788 2746 ,
1816 2705 1878 2753 qui
1908 2716 1978 2740 erat
2009 2703 2175 2741 ὀεεοὲὶυε
2195 2730 2206 2746 ,
2235 2702 2289 2739 vel

1328 2754 1552 2791 communiter
1582 2754 1743 2789 habeatur
1764 2765 1828 2800 pro
1859 2753 2006 2789 decofto
2031 2779 2042 2795 ,
2070 2753 2152 2788 licet
2174 2752 2289 2788 adhuc

1330 2816 1400 2838 non
1428 2803 1575 2837 latitaret
1597 2828 1606 2843 ‚
1635 2800 1854 2847 praesumatur
1877 2800 2026 2837 simulata
2048 2827 2058 2842 ‚
2084 2801 2118 2836 ὃς
2136 2799 2216 2836 ideo
2238 2810 2290 2834 re-

1331 2862 1475 2887 vocetur
1499 2864 1507 2887 :
1541 2849 1584 2885 ad
1607 2849 1819 2896 probandum
1839 2859 1952 2884 autem
1971 2875 1981 2890 ‚
2012 2848 2110 2898 quod
2137 2858 2291 2884 commu-

1329 2899 1414 2935 niter
1453 2899 1632 2935 haberetur
1665 2909 1726 2941 pro
1759 2897 1905 2933 decosto
1938 2906 2092 2944 tempore
2116 2894 2290 2931 alienatio-

1331 2948 1380 2984 nis
1397 2974 1406 2989 ‚
1426 2947 1582 2983 mandant
1605 2945 1754 2979 sufficere
1782 2944 1950 2993 publicam
1975 2943 2093 2980 sarnam
2107 2970 2116 2986 ,
2137 2945 2172 2979 &
2198 2955 2291 2985 com-

1332 3007 1466 3031 munem
1487 2995 1682 3042 opinionem
1702 3006 1710 3028 :
1735 2995 1768 3029 δε
1790 2993 1888 3041 quod
1909 2993 2092 3040 disponunt
2111 2993 2144 3026 in
2169 2991 2292 3026 aliena·
2324 3007 2350 3035 m·

1333 3045 1428 3080 tione
1448 3070 1458 3085 ,
1481 3044 1565 3077 sacta
1591 3043 1633 3077 ab
1657 3040 1729 3087 ipso
1754 3041 1902 3076 decoeto
1922 3067 1933 3083 ‚
1962 3043 1996 3076 ὅ(
2021 3039 2151 3082 fallite,
2179 3050 2294 3075 exten·
2326 3036 2328 3040 '

1313 3093 1315 3096 '
1334 3092 1421 3127 dunt
1443 3092 1487 3127 ad
1510 3090 1724 3126 alienationes
1750 3088 1851 3125 saetas
1875 3089 1916 3123 ab
1938 3089 2140 3125 habentibus
2162 3087 2293 3123 causam

1335 3142 1378 3175 ab
1399 3153 1453 3175 eo.

1384 3187 1520 3239 Amplia
1531 3215 1541 3230 ,
1559 3186 1761 3222 declarando
1779 3186 1865 3223 hanc
1880 3184 2212 3234 exemplificationem
2227 3210 2238 3227 ,
2254 3194 2293 3220 ut
2304 3193 2367 3239 445

1338 3237 1426 3284 paria
1447 3236 1529 3278 lint,
1552 3235 1618 3270 esse
1633 3245 1767 3281 ruptum
1788 3260 1797 3275 ,
1823 3247 1861 3271 ut
1875 3236 2042 3271 absentem
2057 3261 2068 3275 ‚
2084 3234 2142 3269 seu
2162 3233 2295 3269 latitan-
2328 3261 2334 3268 .

1340 3297 1406 3321 tem
1421 3311 1432 3326 ,
1451 3294 1490 3318 ut
1509 3287 1542 3319 in
1557 3284 1656 3318 dietis
1675 3284 1729 3329 §§.
1753 3281 1810 3317 sed
1824 3296 1892 3319 non
1907 3283 2083 3330 suntparia
2097 3309 2107 3324 ‚
2121 3283 2178 3316 seu
2194 3282 2298 3318 deco-

1340 3333 1413 3367 &us
1426 3359 1435 3374 ,
1451 3335 1484 3368 &
1503 3332 1623 3367 cedere
1644 3330 1741 3365 bonis
1762 3357 1771 3372 ‚
1793 3343 1869 3366 cum
1889 3333 1965 3379 quis
1987 3329 2084 3377 poffit
2106 3329 2172 3365 esse
2193 3328 2299 3364 deco-

1341 3381 1413 3415 etus
1435 3381 1469 3416 ὅ(
1486 3390 1596 3415 tamen
1614 3391 1681 3414 non
1701 3378 1822 3413 cedere
1842 3380 1960 3422 bonis,
1982 3382 2077 3415 Vinc.
2098 3380 2140 3413 de
2162 3377 2298 3412 Franch.

1342 3430 1414 3464 dec.
1443 3439 1496 3474 55.
1523 3440 1605 3463 vera
1627 3428 1670 3472 est
1694 3439 1779 3460 num.
1803 3440 1838 3469 4,
1856 3439 1930 3473 par.
1957 3441 1985 3462 ι.
2015 3427 2094 3461 item
2114 3425 2202 3472 paria
2231 3435 2301 3460 non

1344 3478 1420 3512 sunt
1435 3503 1444 3517 ‚
1464 3475 1530 3510 esse
1554 3475 1738 3516 demnas,
1767 3476 1802 3510 δι’
1824 3476 1890 3510 esse
1916 3488 1984 3511 non
2006 3474 2199 3516 solvend03
2224 3485 2301 3508 eum

1345 3525 1509 3559 decoetus
1537 3524 1670 3559 dicatur
1698 3523 1724 3556 is
1747 3548 1758 3564 ‚
1784 3523 1841 3557 cui
1866 3525 2032 3558 bonorum
2063 3521 2302 3557 administratio

1347 3573 1393 3606 est
1415 3572 1588 3609 interdi6la
1604 3598 1614 3613 ,
1636 3580 1671 3605 at
1691 3570 1721 3605 ei
1748 3595 1759 3612 ,
1780 3571 1840 3617 qui
1859 3583 1926 3606 non
1945 3569 2181 3609 estsolvendo
2203 3597 2211 3611 ,
2234 3581 2304 3603 non

1349 3620 1394 3655 est
1427 3619 1601 3655 interdieta
1631 3618 1869 3656 administratio
1905 3618 2042 3655 Franch.
2068 3619 2104 3653 d.
2138 3619 2208 3652 dec.
2249 3627 2303 3662 55.

1347 3680 1471 3704 numn-
1495 3668 1531 3705 ό
1557 3681 1585 3713 3.
2298 3671 2346 3696 ·-·›

2173 3694 2337 3749 sUMss
