2400 3939
238 3595 285 3633 ²¹9

273 150 385 206 444

275 222 358 257 culo
385 215 611 263 navigarunt,
643 216 677 251 ὅ(
707 223 846 263 propter
872 212 946 259 ej-is
975 209 1152 256 subjeftam
1173 218 1239 240 ma-

277 268 392 304 teriam
419 266 571 299 turbatur
600 273 695 299 torus
723 261 870 299 mundus
892 286 902 302 ,
929 270 962 294 ut
990 273 1030 294 cx
1056 260 1137 292 Bar.
1159 255 1236 290 Bal.

276 323 312 353 ω’
336 313 415 349 aliis
429 316 581 362 sequitur
604 311 727 359 Rcbtff.
748 315 780 346 in
799 309 943 355 ejusdem
968 308 993 342 1.
1014 305 1238 356 prefatione,

278 375 363 399 num.
386 373 413 395 ι.
434 362 468 395 &
491 371 596 408 quare
619 361 773 395 turbetur
788 384 798 400 ‚
820 357 982 391 rationem
1008 353 1116 388 reddo
1130 379 1139 393 ‚
1157 362 1239 400 quia

280 412 335 446 illa
355 410 427 444 duo
452 408 650 456 pronomina
666 435 676 449 ‚
703 419 807 442 meum
822 433 833 447 ,
859 406 894 441 (ἶν’
919 414 1009 437 tuum
1031 429 1039 443 ‚
1066 413 1148 450 qnae
1170 410 1240 435 tur-

280 461 402 495 barunt
426 457 534 493 otium
561 456 740 490 humanum
759 481 769 495 ,
795 464 832 489 ut
856 451 925 487 dixi
939 452 1043 499 supra
1062 454 1094 497 ξ.
1119 462 1146 483 ι.
1170 461 1237 497 q-l·

283 520 368 543 num.
391 518 447 548 ⁴¹-
471 503 699 552 processerunt
722 504 764 538 ab
784 498 937 537 interesse
952 525 962 540 ,
983 501 1078 545 quod
1105 500 1149 531 ett
1172 507 1240 531 ma-

285 555 368 592 teria
391 554 425 588 d.
446 554 469 588 1.
497 555 594 586 unicae
612 579 621 592 ‚
642 551 860 598 ejusdemque
877 547 961 595 legis
981 545 1214 582 difficultatem
1230 569 1240 584 ,

286 604 321 639 dt
348 600 584 637 obscuritatem
609 599 741 635 extollit
766 599 866 632 etiam
889 600 988 645 Cagn.
1008 599 1040 628 in
1061 607 1101 627 ea
1120 620 1130 634 ,
1155 605 1239 628 num.

289 665 319 687 ι.
343 652 376 685 ὃ(
398 661 466 684 non
490 647 553 682 esse
576 646 608 681 in
626 647 753 683 mundo
776 646 937 680 statutum
962 644 1007 678 ita
1031 642 1213 677 obscurum
1229 666 1239 679 ,

286 701 372 735 ficut
396 697 442 731 est
467 696 526 729 ista
550 696 602 729 lex
625 722 635 737 ,
661 694 762 730 refert
791 695 867 741 Cyn.
895 704 995 740 quem
1021 690 1121 724 citavi
1152 690 1243 737 infra

288 749 433 793 num.67.
448 745 516 779 imo
533 743 665 791 aliquos
679 752 818 791 propter
833 752 983 789 magnam
999 738 1244 778 difficultatem,

290 795 407 841 &legi
430 794 463 827 ὅ(
483 791 661 838 legissatori
685 795 898 837 obstrepere,
920 786 1018 823 retuli
1040 786 1160 821 ibidem
1178 812 1187 826 ,
1211 785 1245 819 dc

291 842 374 879 male
393 839 505 876 fecisse
528 841 772 886 Imperatorem
786 865 794 880 ‚
814 837 874 886 qui
896 848 962 871 non
980 833 1129 882 expressit
1151 833 1245 868 casus

292 893 395 938 liujus
418 889 501 936 legis
517 915 526 930 ,
554 887 665 924 scribit
688 888 778 923 idem
801 889 879 930 Cyn.
905 895 1006 933 quem
1033 882 1133 918 retuli
1156 882 1245 928 infra

292 952 377 975 num.
395 950 452 986 70.
1209 977 1216 982 .

340 987 471 1023 Verum
486 987 569 1022 alius
579 988 612 1018 in
624 984 700 1018 ead.
720 983 743 1017 1.
759 985 827 1019 n.6.
842 983 905 1017 hac
921 990 1010 1017 tanta
1027 978 1247 1018 difficultatis,

293 1047 400 1085 atque
428 1033 613 1069 formidinis
636 1032 878 1067 exclamatione
896 1057 905 1070 ,
935 1040 1002 1076 qua
1022 1027 1080 1073 ipsi
1104 1037 1249 1062 caeteros

294 1093 418 1121 tererre
436 1083 614 1122 videntur,
641 1079 843 1128 parvifffla,
871 1077 1103 1112 difficultatem
1124 1085 1189 1109 non
1211 1085 1250 1108 ex

296 1134 372 1176 lege
386 1158 395 1173 ‚
417 1130 472 1165 sed
488 1131 683 1176 exipsorum
705 1128 867 1175 imperitia
891 1124 1078 1172 processisse
1095 1122 1251 1157 audafler

294 1181 453 1218 affirmat.
470 1179 585 1213 dicens
599 1177 697 1225 quod
715 1178 790 1211 brec
808 1178 835 1212 Ι.
853 1177 977 1209 nullam
998 1172 1248 1222 obscuritatem,

292 1238 354 1264 aut
374 1228 607 1262 difficultatem
626 1238 659 1259 in
679 1226 710 1259 se
725 1226 877 1259 continet
891 1249 900 1263 ,
921 1233 984 1256 nec
998 1222 1095 1254 ullam
1113 1230 1251 1254 omnino

296 1274 526 1311 dissonantiam
550 1286 625 1309 cum
646 1273 781 1322 reliquis
801 1273 932 1320 juribus
950 1296 959 1311 ‚
981 1269 1174 1302 innumeros
1193 1277 1251 1300 au·

297 1337 363 1360 tem
380 1323 491 1371 inquit
509 1349 518 1364 ‚
542 1323 777 1368 ambiguitates
792 1349 801 1360 ,
825 1322 857 1355 ἀ
874 1319 1152 1368 contrarietates,
1169 1325 1253 1367 quas

296 1372 477 1419 hucusque
495 1371 564 1418 glo.
593 1372 625 1405 &
649 1370 753 1404 Doti.
777 1370 976 1405 invenerunt
995 1391 1004 1406 ‚
1029 1377 1098 1399 non
1118 1376 1150 1397 in
1169 1364 1253 1410 legi-

297 1421 361 1455 bus
382 1420 456 1466 ipsis
481 1419 677 1452 invenerunt
704 1444 712 1458 ‚
738 1416 793 1452 sed
821 1429 859 1450 ex
883 1416 946 1449 sese
968 1414 1164 1448 invexerunt
1187 1438 1196 1451 ‚
1221 1412 1255 1445 ὀί

298 1468 415 1516 postea
431 1466 540 1515 inquit
555 1493 563 1507 ,
584 1478 623 1501 ex
644 1466 710 1501 boc
727 1479 818 1500 novo
837 1493 843 1501 ,
864 1467 1014 1510 beviq·=e
1031 1461 1176 1496 veritatis
1194 1459 1255 1493 ser-

299 1527 400 1552 mone
414 1527 539 1562 patere‚
556 1515 692 1561 hydram
712 1514 796 1548 illam
815 1514 967 1546 haetenus
984 1510 1136 1545 invidam
1151 1535 1159 1547 ,
1175 1519 1258 1556 quae

300 1564 446 1600 omnium
474 1563 666 1598 Doflorum
687 1563 815 1608 ingenia
842 1573 891 1595 iot
917 1559 1035 1592 seculis
1065 1556 1156 1592 torsit
1182 1582 1192 1597 ,
1218 1566 1256 1590 ut

300 1623 372 1647 uno
392 1612 502 1658 capite
518 1611 647 1646 sublato
662 1637 670 1650 ,
685 1611 824 1658 plurima
841 1608 1087 1643 renascerentur
1101 1633 1108 1646 ‚
1125 1603 1258 1655 prorsus

301 1671 471 1695 enecatam
484 1686 493 1700 ,
512 1663 544 1696 &
563 1659 721 1694 abolitam
736 1686 743 1697 ,
759 1658 933 1705 rnulzaque
949 1658 1010 1688 alia
1025 1653 1135 1688 similia
1152 1663 1260 1698 tangit

291 1708 356 1758 fich
375 1707 572 1755 num.7.sub
591 1707 919 1753 num.t3.t7.18.21.
940 1705 974 1740 (9⁶
991 1705 1084 1750 seqq.
1107 1715 1158 1750 37.
1178 1704 1211 1734 in
1227 1699 1260 1740 fi.

304 1757 359 1803 38.
382 1756 417 1793 (θ’
433 1756 499 1802 sub
519 1768 633 1798 mnqo.
658 1767 739 1804 quae
758 1766 834 1789 cum
851 1753 892 1787 ad
910 1752 958 1787 sui
977 1750 1100 1797 ingenii
1116 1776 1125 1792 ,
1143 1754 1175 1785 &
1197 1748 1261 1782 do-

303 1804 420 1840 &rinae
435 1803 690 1839 ostentationem
704 1829 713 1845 ‚
729 1802 941 1849 aliorumque
960 1798 1179 1845 vilipendium
1195 1807 1264 1832 tetr-

304 1851 389 1888 dant
403 1878 412 1893 ‚
440 1851 575 1887 omitto.

354 1899 475 1946 Hujus
496 1899 659 1937 Dostoris
686 1900 786 1935 verba
815 1894 1055 1944 displicuerunt
1078 1890 1228 1930 Rebuffo
1252 1918 1262 1934 ,

307 1948 370 1997 qui
395 1959 572 1996 propterea
593 1952 626 1982 in
645 1950 834 1996 praefatione
853 1945 994 1993 ejusdem
1014 1944 1037 1977 I.
1050 1943 1111 1990 sub
1126 1955 1211 1976 num.
1231 1953 1263 1975 2.

310 1995 386 2032 alibi
413 1999 527 2037 initio,
549 1996 593 2031 de
616 2008 658 2031 eo
681 1995 889 2042 intelligens,
908 2001 948 2027 ut
975 1991 1138 2033 arbitror,
1162 1989 1265 2042 multa

309 2055 430 2081 contra
454 2056 529 2078 eum
552 2045 794 2080 contumeliosa
810 2040 951 2089 protulit
975 2041 1074 2075 verba
1091 2065 1101 2080 ,
1123 2051 1163 2075 ex
1188 2048 1265 2084 qui-

310 2096 377 2129 bus
397 2093 495 2127 etiam
513 2093 623 2128 verbis
642 2093 816 2140 conjicere
834 2091 913 2124 licet
928 2115 937 2129 ‚
956 2088 1015 2136 qui
1038 2087 1075 2123 fit
1090 2087 1145 2122 ille
1160 2085 1264 2121 Do&

312 2141 383 2176 Sed
398 2139 535 2177 Rebuff.
559 2141 599 2174 sit
613 2142 684 2186 ejus
705 2151 788 2188 pace
801 2138 928 2173 doum
939 2164 948 2178 ‚
962 2133 1127 2171 debuisset
1138 2134 1269 2169 diluere

312 2199 363 2228 ea,
383 2200 466 2236 quae
489 2189 545 2224 hic
561 2189 664 2227 Dost.
686 2187 828 2223 adducit
848 2196 966 2221 contra
987 2183 1162 2219 sententias
1183 2183 1267 2217 alio-

314 2248 385 2272 rum
414 2264 424 2278 ,
450 2237 602 2286 alioquin
629 2236 784 2272 videntur
807 2233 1004 2269 confirmata
1023 2258 1033 2274 ,
1061 2243 1138 2266 curn
1163 2231 1192 2264 ei
1217 2230 1267 2264 vi-

314 2284 435 2321 deatur
456 2285 613 2322 defecisse
635 2284 802 2330 responsio
818 2311 827 2324 ‚
852 2284 885 2317 &
905 2279 1065 2316 defecisse
1090 2277 1268 2325 conjeftu-

313 2345 387 2368 rare
405 2334 484 2369 licet
507 2361 517 2375 ,
539 2335 619 2383 quia
639 2334 698 2368 etsi
728 2332 848 2368 doctor
870 2330 930 2364 iste
955 2329 1050 2364 nimis
1078 2327 1234 2362 audaaer
1256 2352 1267 2369 ,

314 2382 474 2428 pervicax
494 2409 504 2423 ,
524 2394 564 2418 ac
591 2381 774 2417 resta-stane
798 2379 953 2414 videatur
980 2377 1119 2412 locutus
1140 2376 1173 2411 δι
1197 2387 1269 2411 mo-

315 2428 442 2465 destius
469 2430 564 2476 loqui
585 2429 777 2470 debuisset,
808 2438 916 2464 tamen
939 2426 961 2460 st
984 2425 1158 2460 veritatem
1182 2434 1270 2457 ama-

316 2488 392 2512 mus
406 2504 416 2519 ,
440 2478 673 2513 eruditiffimos
694 2478 727 2511 in
748 2489 785 2511 ea
806 2477 828 2511 1.
847 2473 1105 2510 commentarios
1129 2470 1236 2507 edidit
1258 2497 1269 2513 ‚

319 2526 353 2560 &
378 2525 411 2560 in
436 2527 504 2562 hoc
526 2526 753 2561 emendandus
776 2537 842 2559 non
862 2522 925 2557 erit
940 2549 948 2563 ‚
967 2521 1065 2569 quod
1085 2520 1271 2567 Imperato-

319 2573 362 2608 ris
380 2574 488 2621 legem
516 2574 534 2608 ὲ
563 2585 617 2609 tot
642 2574 833 2611 Doaorum
850 2571 1005 2619 querelis
1024 2568 1134 2603 valide
1154 2568 1272 2603 nititur

321 2621 517 2663 vindicare,
542 2623 576 2657 ὅ(
598 2622 752 2657 studiosis
774 2621 917 2655 animum
940 2617 1021 2654 facit
1046 2631 1054 2653 :
1079 2618 1111 2651 in
1136 2615 1272 2664 reliquis

317 2679 430 2706 autem
460 2670 580 2704 horum
611 2668 926 2706 commentariorum
955 2665 1135 2701 au&oritas
1165 2676 1227 2700 nec
1252 2664 1273 2699 ὅ,

319 2730 372 2752 me
385 2718 543 2754 citabitur
557 2744 566 2758 ,
585 2730 648 2752 nec
664 2721 706 2753 ab
723 2719 789 2752 alio
810 2713 943 2752 citanda
963 2714 1009 2748 est
1026 2740 1034 2754 ,
1052 2713 1163 2748 donec
1181 2713 1274 2759 supe-

318 2767 443 2802 riorum
461 2766 596 2812 judicio
614 2766 655 2800 ad
668 2767 834 2814 publicam
850 2762 1066 2798 emendentur
1083 2761 1272 2804 utilitatem,

319 2814 380 2849 ubi
408 2813 642 2850 emendatione
666 2826 753 2861 opus
776 2813 888 2848 suerit.

370 2861 455 2898 Hoc
474 2862 640 2909 praemisso
663 2889 672 2902 ,
694 2862 882 2910 respondeo
899 2859 941 2894 ad
961 2857 1138 2908 quaefitum
1161 2855 1275 2891 distin-

319 2911 462 2957 guendo
486 2910 575 2946 duos
606 2911 777 2946 articulos.

372 2957 503 2993 Primus
531 2959 692 2994 articulus
727 2959 772 2994 est
798 2986 808 3001 ,
836 2960 880 2995 de
910 2953 1063 2992 interesse
1096 2954 1181 2988 lucri
1209 2954 1276 2989 ces-

322 3005 432 3041 santis.

373 3054 553 3089 Secundus
580 3054 626 3087 est
654 3081 663 3095 ,
691 3054 734 3089 de
760 3052 912 3088 interesse
932 3051 1042 3087 damni
1066 3050 1277 3097 emergentis.

371 3102 486 3137 Venio
511 3102 552 3136 ad
575 3102 714 3147 primum
731 3103 909 3136 articulum
925 3126 935 3141 ‚
959 3101 1003 3135 de
1025 3096 1176 3134 interesse
1195 3098 1278 3132 lucri

322 3149 502 3186 cessantis:
532 3151 565 3183 ὃς
587 3161 658 3196 quo
681 3150 870 3185 solidiorem
896 3149 1074 3183 habeamus
1100 3145 1277 3182 resolutio-

322 3209 397 3233 nem
422 3197 533 3234 sormo
559 3199 644 3232 duas
667 3197 854 3243 opiniones.

370 3245 476 3279 Prima
490 3247 606 3292 opinio
628 3247 673 3279 est
690 3245 844 3291 negativa
858 3272 867 3287 ,
885 3243 982 3293 quod
1004 3242 1209 3280 cambiorum
1228 3242 1277 3276 lu-

321 3305 437 3335 crum,
457 3292 511 3326 seu
535 3293 689 3328 interesse
709 3293 870 3329 debeatur
888 3294 1029 3340 primum
1052 3301 1180 3327 tantum
1193 3316 1204 3332 ,
1219 3290 1276 3325 fic-

323 3353 394 3389 que
418 3353 479 3387 pro
501 3341 608 3387 primo
627 3354 713 3376 anno
732 3341 788 3375 seu
814 3354 876 3388 pro
892 3341 995 3388 prima
1018 3337 1252 3386 negotiatione
1266 3364 1277 3380 ‚

324 3390 358 3422 δι
381 3401 449 3422 non
476 3401 538 3435 pro
563 3391 654 3424 annis
679 3389 866 3423 successivis
894 3391 1051 3437 hancque
1083 3386 1278 3433 opinionem

325 3436 356 3469 in
379 3436 503 3481 punfso
523 3438 605 3484 juris
627 3437 760 3471 videtur
781 3437 913 3472 secutus
931 3439 1021 3471 Curt.
1041 3435 1119 3473 Jun.
1141 3436 1175 3467 in
1196 3433 1230 3468 d.
1254 3434 1278 3468 l.

323 3486 440 3523 unica,
456 3485 516 3518 col.
527 3498 538 3518 ι
545 3496 579 3528 9.
597 3486 632 3522 (ff
641 3488 734 3533 seqq.
748 3488 782 3520 C.
797 3487 839 3519 dr
848 3486 927 3530 sent.
943 3497 1009 3531 quae
1016 3495 1076 3531 pro
1090 3493 1124 3516 eo
1135 3508 1144 3524 ,
1159 3482 1226 3520 &c-
1241 3482 1279 3515 li-

326 3540 384 3568 cet
409 3531 575 3579 relinquat
598 3534 759 3567 maturius
784 3533 1019 3580 cogitandum.

376 3578 605 3614 Confirmtztur
624 3580 730 3626 prin-«o
751 3580 826 3615 haec
847 3581 963 3627 opinio
978 3607 986 3620 ‚
1002 3580 1082 3628 quia
1096 3579 1173 3613 alias
1185 3577 1280 3612 dare-

327 3637 381 3664 tur
403 3627 574 3674 processus
593 3627 626 3661 in
645 3626 810 3663 infinitum
830 3655 840 3670 ,
864 3630 897 3664 ὅ(
916 3626 1057 3663 infinitas
1078 3629 1124 3662 cst
1148 3625 1280 3661 evitan-

668 118 1021 205 Sigismundi
1047 117 1286 175 Scacciae
1315 117 1513 181 Τῑειέἶ.
1540 117 1615 177 de
1642 119 1932 182 Commer.

1286 211 1329 246 da
1344 237 1353 251 ‚
1381 212 1405 245 1.
1421 213 1505 245 unic.
1523 211 1558 243 C.
1580 210 1621 245 de
1635 212 1722 258 sent.
1744 223 1808 259 quae
1820 209 1888 259 'pro
1903 223 1938 246 eo
1952 238 1961 254 ‚
1978 211 2047 249 &ci
2063 219 2137 248 nam
2157 211 2181 247 st
2198 210 2253 248 de·

1288 261 1387 294 betur
1412 259 1503 293 aliud
1528 269 1629 306 qnam
1656 260 1797 305 primum
1812 286 1822 302 ‚
1844 259 1997 307 sequitur
2021 261 2119 308 quod
2140 260 2255 295 eadem

1289 307 1421 342 ratione
1446 307 1610 341 debeatur
1645 306 1735 341 aliud
1762 319 1864 355 quam
1892 307 2074 343 secandum
2102 334 2111 349 ‚
2147 310 2180 343 ὃς
2211 308 2257 342 sic

1291 356 1451 401 deinceps
1469 354 1533 388 sine
1549 354 1613 390 fine
1629 381 1638 397 ,
1654 355 1733 402 quia
1755 356 1788 389 in
1812 354 1977 391 infinitate
2002 370 2068 391 non
2092 356 2257 404 repetitur

1292 401 1500 450 profundum
1515 429 1526 445 ,
1542 405 1664 450 Rebuff.
1682 406 1715 437 in
1731 404 1792 438 ἀλ.
1809 408 1916 445 unica,
1929 416 2023 439 nom.
2036 407 2126 438 initio
2140 431 2150 446 ,
2167 405 2256 451 vers.

1293 451 1367 485 ideo
1389 454 1421 485 in
1441 455 1488 486 eis
1503 478 1512 492 ,
1531 463 1632 499 quam
1649 451 1936 487 confirmationem
1956 453 2112 499 pluribus
2125 453 2258 500 amplia·
2313 459 2319 464 “

1296 498 1446 533 tionibus
1461 526 1470 540 ,
1497 499 1530 534 &
1547 499 1802 535 limitationibus
1820 512 1960 535 exornat
1978 500 2059 534 ibid.
2080 512 2203 547 num-3.
2221 499 2256 536 (θ’

1284 547 1378 594 seqq.
1411 547 1542 595 hacque
1567 548 1695 582 ratione
1723 549 1894 584 evitandae
1922 549 2092 584 infinitatis
2116 557 2258 585 utuntur

1295 594 1398 630 Bald.
1413 601 1578 642 “ms-303·
1596 596 1644 630 ad
1663 596 2032 645 evidentian1,subn.3.
2052 599 2138 644 vers.
2155 605 2258 643 quero

1295 654 1402 677 utrum
1420 670 1429 684 ,
1448 644 1541 679 uba.
1559 647 1591 678 in
1611 643 1753 691 impreffis
1771 645 1926 693 Lugduni
1939 645 1986 680 ad
1993 646 2118 694 fignum
2139 646 2258 681 Leonis

1296 703 1378 724 anno
1407 703 1504 737 ¹559·
1529 693 1563 728 ἀ
1585 691 1666 733 alii,
1690 691 1770 726 dum
1793 702 1931 735 tenent,
1959 693 2057 740 passo
2084 703 2257 727 retroven-

1297 738 1390 774 denti
1407 740 1689 788 quandocunque
1703 765 1713 781 ‚
1739 741 1771 775 ὅ(
1794 739 1958 776 infinitum
1976 768 1986 783 ,
2011 740 2180 788 praescribi
2199 739 2260 774 ad-

1300 786 1368 822 huc
1385 786 1490 835 spatio
1504 789 1649 836 trigenta
1666 799 1827 824 annorum
1841 815 1851 832 ,
1871 799 1909 826 ut
1931 790 2066 825 secutus
2080 789 2150 824 sum
2168 789 2260 836 infra

1295 835 1347 884 gl.
1376 849 1407 885 7.
1420 837 1484 884 sub
1505 848 1573 882 n.3.
1591 837 1681 871 illat.
1701 850 1726 873 t.

1350 883 1580 919 §oasim-atur
1597 884 1746 920 secundo
1760 910 1770 925 ,
1788 884 1867 932 quia
1883 886 1964 923 licet
1980 886 2012 922 in
2032 885 2131 922 solito
2152 895 2260 933 nego-

1302 933 1375 969 tiari
1391 933 1621 969 consideretur
1640 932 1794 969 interesse
1808 934 1904 969 etiam
1920 936 2004 970 lucri
2021 931 2197 975 cessantis,
2215 945 2263 967 ia·

1302 993 1377 1016 men
1400 981 1678 1017 considerandum
1699 982 1743 1015 ess
1762 981 1902 1028 primum
1921 984 2052 1018 lucrum
2066 1008 2075 1024 ‚
2092 982 2188 1029 quod
2206 983 2263 1016 im·

1302 1029 1447 1064 mediate
1470 1029 1668 1064 considerari
1687 1028 1796 1075 potest
1813 1039 1851 1063 ex
1866 1043 1959 1067 mora
1972 1057 1981 1072 ‚
1994 1043 2061 1066 non
2074 1041 2184 1065 autem
2201 1030 2259 1064 de-

1301 1077 1359 1114 bet
1385 1078 1541 1122 attendi,
1562 1077 1659 1124 quod
1677 1078 1698 1111 si
1715 1089 1780 1112 rem
1800 1077 1946 1114 debitam
1971 1077 2155 1119 habuisset,
2176 1078 2263 1113 illam

1304 1125 1450 1160 vendere
1471 1125 1655 1173 potuisset,
1673 1126 1706 1160 &
1728 1126 1837 1160 rursus
1859 1126 1920 1162 illis
1940 1126 2092 1174 pecuniis
2117 1125 2261 1162 lucrari:

1303 1173 1378 1208 talis
1393 1173 1480 1208 enim
1498 1173 1663 1208 discursus
1677 1172 1747 1207 fieri
1765 1185 1831 1208 non
1851 1174 1954 1211 debet
1971 1187 2060 1210 ειη-3
2077 1172 2232 1210 interesse
2252 1199 2262 1214 ‚

1303 1222 1383 1269 quia
1402 1234 1452 1257 res
1476 1221 1674 1270 procederet
1694 1221 1727 1256 in
1750 1221 1941 1259 infinitum:
1960 1224 2038 1259 haec
2059 1224 2130 1259 sunt
2147 1248 2157 1265 ‚
2181 1233 2265 1272 quae

1304 1269 1445 1306 obscure
1471 1283 1538 1305 non
1561 1270 1648 1305 clare
1668 1269 1867 1316 explicando
1881 1297 1892 1313 ‚
1911 1271 2032 1320 scripsit
2050 1273 2129 1306 Dec.
2145 1273 2178 1305 in
2196 1283 2264 1318 ‘²7-

1304 1331 1376 1354 cum
1399 1318 1602 1353 venerabilis
1615 1346 1623 1357 ,
1643 1319 1698 1353 n.6
1706 1331 1732 1353 1.
1749 1319 1910 1366 verslscd
1927 1331 2052 1355 retenta
2073 1321 2232 1355 commum·
2253 1343 2263 1359 ,

1304 1367 1347 1401 de
1370 1377 1491 1414 except.
1515 1377 1616 1414 quem
1635 1364 1820 1414 sequuntur
1837 1366 1939 1403 Gabr.
1959 1370 1993 1402 in
2011 1365 2264 1413 concl.lib.3.tit.

1305 1417 1347 1450 de
1367 1415 1461 1459 solut.
1480 1415 1678 1461 conclus-to.
1695 1426 1760 1461 n.5.
1779 1415 1912 1450 limina.
1932 1415 2047 1451 dicens
2063 1441 2072 1456 ,
2086 1413 2181 1462 posse
2197 1412 2267 1462 peti

1306 1464 1436 1498 lucrum
1452 1490 1461 1505 ,
1485 1463 1581 1510 quod
1600 1463 1677 1510 quis
1697 1462 1922 1509 principaliter
1937 1462 2065 1498 fecisset
2083 1490 2092 1505 ,
2116 1474 2185 1497 non
2208 1474 2274 1497 au·-

1307 1521 1374 1547 tem
1399 1511 1496 1560 quod
1526 1511 1723 1546 secundario
1745 1536 1755 1552 ‚
1785 1512 1912 1546 Strach.
1941 1512 2038 1546 traft.
2066 1513 2108 1546 de
2132 1520 2268 1546 mercat.

1305 1571 1429 1607 paraq„
1453 1563 1504 1594 tit.
1524 1559 1565 1593 de
1580 1560 1733 1593 confrati.
1752 1571 1887 1594 mercat.
1903 1572 1993 1602 nu.4.
2013 1560 2124 1596 rom.6.
2138 1569 2266 1607 parnt.

1300 1608 1451 1656 fol.298.
1468 1609 1503 1645 Θ
1517 1608 1587 1641 Rot.
1604 1607 1743 1642 Genuen.
1761 1606 1894 1655 dec.87.
1909 1608 2051 1645 Ioannes
2066 1606 2263 1656 Stephanus,

1310 1657 1377 1691 n-8.
1398 1659 1431 1691 in
1441 1655 1523 1699 fine.

1360 1703 1571 1739 Consolidari
1590 1702 1727 1739 videtur
1745 1703 1823 1739 haec
1845 1702 2060 1740 confirmatio
2077 1729 2086 1743 ‚
2103 1701 2185 1751 quia
2208 1701 2271 1737 hac

1311 1751 1376 1799 ipsa
1394 1752 1544 1793 ratione,
1567 1762 1611 1786 ne
1628 1752 1804 1787 reiteretur
1818 1752 1966 1789 interesse
1980 1779 1990 1794 ,
2015 1749 2194 1798 Theologi
2206 1777 2216 1792 ,
2233 1758 2273 1786 ut

1312 1800 1492 1847 plurimum
1510 1826 1520 1842 ‚
1545 1799 1745 1836 dimnabant
1769 1800 1932 1836 recambia
1947 1827 1957 1844 ,
1981 1811 2019 1835 ut
2039 1798 2151 1848 scripsi
2165 1798 2272 1848 supra

1316 1850 1348 1894 ς.
1373 1861 1471 1896 t.q.7.
1486 1859 1612 1895 parm.
1629 1848 1722 1894 n.98.

1362 1896 1519 1931 Secunda
1535 1896 1652 1943 opinio
1672 1895 1840 1932 contraria
1858 1894 2067 1942 praecedenti
2092 1893 2138 1929 est
2150 1921 2162 1937 ‚
2176 1893 2274 1944 quod

1315 1944 1467 1981 interesse
1486 1945 1649 1981 debeatur
1662 1956 1730 1981 non
1751 1944 1855 1979 solum
1872 1955 1934 1989 pro
1955 1945 2064 1990 primo
2084 1955 2172 1978 anno
2185 1968 2196 1985 ,
2214 1941 2272 1977 sed

1317 1993 1415 2028 etiam
1437 2004 1499 2040 pro
1533 1992 1750 2040 sequentibus
1772 2006 1780 2029 ε
1806 1993 1840 2028 ἀ
1863 1992 1950 2027 hanc
1975 1990 2168 2039 opinionem
2192 2017 2201 2033 ‚
2228 2002 2275 2027 te-

1317 2041 1435 2076 stando
1461 2052 1532 2076 eam
1555 2040 1727 2087 prafflcari
1744 2067 1755 2083 ,
1778 2040 1931 2089 sequitur
1951 2042 2049 2088 Cagn.
2071 2040 2135 2074 d.l.
2152 2042 2248 2074 unica
2265 2065 2274 2080 ,

1317 2100 1464 2135 num.45.
1482 2091 1514 2123 in
1528 2089 1739 2130 dubitatione,
1756 2101 1857 2138 quem
1877 2087 2036 2124 videntur
2052 2087 2155 2123 secuti
2171 2086 2274 2126 Gabit.

1318 2138 1353 2173 d.
1367 2137 1471 2172 concl.
1496 2148 1548 2172 ιο.
1564 2140 1598 2175 in
1608 2135 1647 2179 fi.
1666 2138 1798 2183 limit.3.
1811 2136 1876 2183 sub
1891 2137 2012 2171 num-6.
2040 2135 2074 2173 ἐν
2098 2138 2151 2172 Jo.
2176 2137 2273 2183 Bapt.

1318 2187 1401 2232 Lup.
1426 2188 1461 2220 in
1480 2185 1503 2219 l.
1527 2185 1656 2220 curabit
1670 2211 1679 2227 ,
1700 2185 1842 2234 §.6.sub
1859 2194 2005 2227 num.t9‚
2021 2183 2182 2231 vers-sed
2201 2195 2274 2217 con·-

1318 2238 1459 2269 trarium
1484 2233 1518 2270 (ἵ
1538 2245 1682 2268 nunno.
1707 2245 1795 2268 verr.
1813 2233 1878 2279 sed
1896 2231 2147 2266 advertendum.
2171 2233 2205 2266 C.
2233 2231 2275 2264 de

1319 2281 1384 2316 at't.
1400 2291 1497 2328 empt.
1513 2284 1598 2315 inter
1618 2281 1713 2315 rraft.
1731 2282 1857 2316 divers.
1872 2292 1944 2315 tom.
1963 2293 1996 2328 7.
2005 2280 2071 2328 fol.
2094 2290 2163 2314 nt.
2196 2278 2276 2314 dum

1321 2330 1438 2365 recitat
1455 2330 1488 2363 in
1510 2328 1632 2364 effestu
1653 2340 1719 2365 tres
1739 2329 1955 2364 conculcatas
1973 2327 2120 2374 Cagnoli
2134 2326 2276 2362 conclu·

1322 2377 1439 2413 siones.
1466 2377 1604 2413 Primam
1622 2404 1631 2419 ,
1656 2376 1752 2427 quod
1779 2375 1930 2411 interesse
1952 2376 2113 2411 debeatur
2134 2385 2203 2410 non
2225 2373 2277 2408 so-

1322 2425 1390 2461 lum
1410 2437 1472 2473 pro
1485 2425 1594 2472 primo
1616 2437 1703 2460 anno
1719 2451 1729 2466 ‚
1742 2424 1797 2460 sed
1812 2424 1909 2461 etiam
1928 2435 1990 2472 pro
2008 2423 2276 2469 omnitempore,

1326 2485 1398 2521 quo
1416 2473 1549 2510 durabit
1571 2485 1672 2508 mora.
1691 2473 1880 2508 Secundam
1897 2471 1995 2520 quod
2017 2471 2105 2507 istud
2125 2468 2279 2506 interesse

1323 2523 1486 2557 debeatur
1503 2521 1546 2557 ad
1569 2522 1728 2557 rationem
1744 2521 1864 2557 decem
1885 2532 1946 2567 pro
1963 2519 2168 2555 centenario.
2189 2518 2276 2554 Ter-

1325 2571 1401 2605 tiam
1419 2596 1428 2612 ,
1455 2570 1552 2617 quod
1575 2569 1739 2605 debeatur
1757 2568 1855 2605 etiam
1879 2567 2030 2603 interesse
2042 2568 2178 2603 alterius
2194 2566 2277 2602 inte·

1324 2617 1408 2652 resse
1421 2645 1429 2660 ,
1453 2619 1486 2653 ὅ(
1499 2617 1572 2665 post
1587 2629 1623 2652 ea
1641 2618 1814 2664 impugnat
1837 2616 1894 2651 has
1908 2617 1991 2652 duas
2010 2616 2190 2663 postremas
2203 2623 2277 2650 tan-

1326 2677 1396 2702 tum
1418 2692 1428 2708 ,
1450 2666 1484 2700 δι
1505 2666 1548 2700 sic
1565 2665 1710 2701 admittit
1737 2665 1873 2712 primam
1898 2676 1906 2700 ε
1934 2665 2082 2712 haecque
2104 2662 2220 2711 opinio
2244 2663 2278 2698 in

1324 2714 1530 2750 cambiorum
1553 2711 1706 2749 interesse
1721 2740 1731 2754 ,
1758 2712 1802 2747 de
1820 2725 1893 2759 quo
1916 2712 2090 2760 loquimur
2110 2737 2120 2753 ,
2143 2711 2279 2747 videtur

1323 2764 1506 2809 approbata
1522 2763 1554 2797 in
1573 2762 1656 2796 urbe
1668 2788 1677 2802 ,
1692 2761 1773 2795 dum
1797 2760 1989 2796 sedentibus
2003 2760 2069 2801 Piis
2088 2759 2157 2795 IV.
2176 2759 2210 2794 ὅ(
2231 2758 2276 2794 V.

1325 2807 1390 2845 fuit
1411 2809 1626 2851 ordinatum,
1653 2819 1692 2844 ut
1716 2819 1917 2844 mercatores
1939 2820 2006 2843 non
2026 2806 2158 2854 possent
2178 2806 2279 2853 parti-

1326 2869 1377 2893 tas
1400 2858 1545 2892 cambire
1559 2884 1568 2899 ,
1584 2859 1616 2893 ὅ(
1634 2868 1761 2904 augere
1774 2883 1784 2898 ‚
1800 2856 1854 2891 sed
1873 2868 1988 2892 eorum
2008 2853 2161 2891 interesse
2178 2853 2280 2902 liqui-

1326 2905 1462 2941 daretur
1480 2906 1521 2940 ad
1540 2917 1663 2941 certam
1684 2906 1839 2940 summam
1853 2932 1863 2947 ‚
1890 2915 1951 2951 pro
1971 2903 2079 2950 primo
2107 2914 2196 2937 anno
2213 2928 2224 2944 ‚
2245 2902 2279 2937 dt

1326 2953 1368 2988 ad
1389 2953 1483 2988 aliam
1504 2953 1663 2989 minorem
1687 2966 1750 3002 pro
1769 2952 1983 3000 sequentibus
1996 2951 2088 2987 annis
2102 2977 2112 2993 ‚
2126 2958 2166 2985 ut
2182 2950 2280 2986 retuli

1316 3003 1428 3050 snp.§.
1439 3013 1466 3036 ι.
1484 3014 1538 3049 q.7
1553 3013 1680 3048 parm.
1693 3011 1784 3045 n.55.
1797 3003 1884 3049 vers:
1901 3003 1973 3036 imo.

1375 3050 1628 3096 Comprobatur
1646 3049 1753 3096 primo
1768 3048 1844 3084 liaec
1861 3047 1978 3095 opinio
1994 3059 2032 3082 ex
2045 3045 2205 3082 sententia
2221 3050 2280 3080 eo-

1326 3109 1418 3138 rum,
1439 3097 1500 3144 qui
1521 3109 1636 3133 tenent
1651 3096 1763 3132 deberi
1786 3094 1939 3132 interesse
1951 3094 2086 3130 alterius
2100 3091 2254 3128 interesse
2268 3118 2279 3136 ,

1324 3145 1373 3181 ita
1389 3157 1427 3180 ut
1444 3145 1552 3191 primo
1571 3157 1682 3189 anno,
1705 3144 1759 3179 seu
1777 3145 1842 3180 alio
1859 3144 1965 3191 primo
1991 3141 2134 3178 termino
2156 3141 2279 3176 debea-

1325 3204 1382 3228 tur
1414 3192 1557 3239 capitale
1585 3206 1663 3229 cum
1691 3191 1844 3227 interesse
1863 3218 1873 3234 ‚
1904 3193 1937 3227 ἀ
1966 3189 2113 3225 secundo
2137 3189 2281 3240 termino

1325 3241 1489 3277 debeatur
1514 3252 1579 3276 tam
1602 3240 1753 3277 interesse
1766 3240 1853 3274 illius
1867 3239 2015 3286 capitalis
2031 3265 2040 3280 ‚
2064 3248 2166 3285 quam
2183 3237 2281 3273 inter-

1325 3287 1391 3324 esse
1415 3289 1504 3324 illius
1543 3288 1697 3326 interesse
1720 3287 1846 3323 decursi
1880 3299 1941 3333 pro
1972 3288 2081 3334 primo
2104 3285 2246 3321 termino
2268 3310 2280 3327 ‚

1325 3338 1360 3373 &
1384 3337 1449 3372 esse
1466 3336 1625 3384 deinceps
1642 3363 1652 3379 ‚
1677 3335 1913 3372 convertendo
1937 3332 2061 3387 semper
2080 3331 2233 3368 interesse
2247 3334 2281 3369 St
2333 3337 2336 3341 “

1324 3384 1480 3421 interesse
1506 3385 1644 3421 alterius
1676 3382 1829 3420 interesse
1856 3383 1890 3417 in
1918 3383 2088 3430 capitale,
2114 3388 2153 3415 ut
2182 3379 2281 3422 r-uli

1325 3435 1417 3478 infra
1445 3446 1476 3468 n.
1505 3445 1560 3480 33.

1375 3482 1626 3526 Comprobatur
1644 3479 1794 3517 seeundo
1807 3506 1818 3522 ‚
1835 3478 1916 3528 quia
1930 3477 1952 3512 si
1972 3473 2122 3514 interesse
2141 3474 2283 3512 debetur

1327 3540 1466 3581 propter
1483 3540 1607 3581 moram
1627 3527 1866 3575 qualificatam,
1881 3527 1915 3562 &
1932 3523 1991 3560 ista
2005 3536 2097 3559 mora
2114 3523 2284 3572 qualifica-
2315 3520 2324 3542 ⁷
2338 3518 2345 3539 ³

1326 3588 1360 3612 ta
1376 3588 1423 3612 tta
1438 3576 1498 3612 itai
1510 3577 1543 3612 in
1559 3584 1666 3623 primo
1681 3588 1781 3616 anno,
1803 3576 1886 3610 sicut
1905 3575 1937 3609 in
1951 3572 2288 3621 sequentibus5ergo

1325 3624 1372 3660 ita
1393 3623 1538 3660 debetur
1554 3636 1619 3671 pro
1634 3623 1742 3671 primo
1763 3636 1861 3666 anno,
1876 3621 1961 3657 ficut
1981 3633 2042 3668 pro
2058 3619 2286 3702 seq-uelnztibus.

2197 3677 2287 3703 eten-
