2400 3939
745 139 795 205 §.
835 133 997 196 VII.
1034 134 1211 198 Gloff.
1237 143 1317 198 II.

154 221 364 271 Respondeo
379 218 479 268 quod
497 231 565 255 non
580 245 589 262 ‚
607 232 665 269 per
681 232 719 255 ea
733 232 816 268 quae
833 221 941 268 scripsi
949 226 1061 271 sup.§.

110 270 298 322 2.gl.5.flab
311 269 395 304 num:
418 279 496 313 3²²·
514 269 548 303 &
563 268 608 305 ita
626 269 770 315 expresse
794 269 839 303 est
859 269 1062 306 declaratum

109 321 144 356 in
164 319 303 354 civitate
326 315 495 351 Bononiae
516 327 574 362 per
596 316 801 352 cambiorurn
826 316 973 362 capitula
992 345 1002 359 ,
1027 323 1064 354 in

109 379 183 415 cap.
209 368 243 404 &
262 364 386 413 quando
403 363 434 397 le
451 362 540 399 dene
562 365 677 399 lettere
693 365 837 412 saranno
847 364 937 409 state
956 376 1064 401 accet-

110 425 181 450 tate
195 441 205 456 ‚
227 414 291 452 &c-

51 467 74 502 9
159 460 316 496 Extende
351 459 436 494 hanc
473 459 714 506 responsionem
737 485 748 501 ‚
782 470 821 494 ut
854 461 962 496 multo
997 474 1063 496 ma-

112 510 165 558 gis
189 508 356 556 procedat
372 533 383 548 ,
409 507 612 544 confiderata
642 507 708 543 sola
733 508 916 543 litterarum
943 521 1064 556 accep-

112 557 265 596 tatione,
294 567 394 606 quam
421 553 502 589 facit
525 555 676 602 campsor
694 555 762 603 ipse
778 581 788 596 ,
807 556 886 591 dum
913 557 1038 592 litteras
1054 584 1064 599 ,

112 605 146 640 in
173 606 300 654 quibus
326 601 501 639 mandatur
529 603 629 638 alicui
651 629 661 645 ,
697 614 736 638 ut
762 603 869 639 solvat
898 631 907 644 ‚
943 605 1066 651 accipit

112 654 148 690 ὅ(
182 652 299 700 recipit
324 659 454 698 apertas
481 649 524 687 de
551 663 649 687 manu
673 650 721 686 sui
748 651 912 687 debitoris
935 679 945 693 ,
973 653 1065 700 quasi

111 701 271 739 videatur
296 707 363 735 una
389 709 466 733 cum
491 699 609 735 litteris
633 710 809 746 acceptare
834 711 899 746 pro,
922 700 982 734 suo
1008 701 1065 735 de-

114 751 225 786 bitore
251 749 342 783 illurn
375 746 610 782 mandatarium
645 747 818 794 campsorii
842 773 852 788 ,
891 749 972 797 quia
1005 748 1063 783 ad-

112 798 182 834 huc
220 795 423 842 campsorius
455 805 601 831 remanet
639 795 854 829 efficacissime
894 796 1065 842 obligatus

111 858 174 893 pro
200 845 259 880 illo
284 843 415 879 cambio
443 868 454 883 ‚
486 841 543 877 seu
568 843 687 878 litteris
712 868 721 883 ‚
759 854 796 879 ut
822 843 957 879 secutus
994 843 1065 878 sum

101 896 198 942 supr.
213 893 243 939 §.
264 904 295 927 2.
310 891 359 942 gl.
383 900 412 936 5.
436 893 608 939 numa46.
628 893 662 928 &³
673 894 766 940 seqq.
787 903 876 925 vers.
890 892 1039 940 secunda
1054 918 1063 933 ,

112 941 147 980 θ
169 952 222 975 nu.
263 952 274 974 ι
306 965 314 974 .
955 949 957 951 ’

159 950 308 1023 Infeim⁵r
329 987 408 1020 hinc
429 1014 439 1030 ‚
467 986 563 1035 quod
595 986 618 1021 fi
646 987 867 1022 mandatarius
893 987 1065 1034 campsorii

108 1035 239 1072 interim
261 1062 271 1076 ‚
300 1046 457 1082 tanquam
488 1035 517 1069 ei
545 1033 786 1082 praesententur
815 1036 962 1076 litterae,
994 1036 1063 1070 effi-

109 1085 216 1121 ciatur
241 1083 403 1118 decoctus
426 1111 435 1126 ‚
464 1083 520 1117 seu
558 1092 677 1128 ruptus
701 1109 711 1123 ,
750 1083 900 1129 campsor
941 1084 1065 1130 poterit

107 1144 208 1179 agere
233 1143 351 1166 contra
376 1129 595 1177 campsorium
614 1157 623 1172 ‚
651 1131 710 1180 qui
733 1130 813 1167 fecit
840 1132 962 1167 litteras
983 1160 991 1174 ,
1024 1140 1066 1166 ut

106 1181 218 1227 scripsi
244 1181 280 1214 d.
299 1184 339 1222 5.
359 1193 390 1213 2.
411 1181 497 1228 gl.5.
518 1191 603 1216 num.
624 1190 713 1215 vers.
730 1180 882 1227 secunda
902 1205 911 1221 ,
943 1180 1065 1227 Jundis

106 1241 139 1265 n.
155 1239 232 1270 244.
258 1228 293 1265 &⁹
320 1237 400 1273 315.

153 1275 298 1312 Declara
335 1275 471 1310 eandem
501 1273 743 1321 responsionem
769 1301 778 1316 ‚
816 1285 854 1310 ut
883 1276 921 1310 fit
950 1288 1025 1311 vera
1053 1303 1063 1318 ,

106 1324 246 1373 'quando
281 1324 473 1370 acceptatio
511 1323 696 1358 litterarum
724 1334 792 1357 non
830 1323 973 1358 includit
1003 1338 1063 1359 no-

105 1373 302 1412 vationem,
329 1371 409 1418 quia
434 1381 516 1406 tunc
541 1370 696 1418 procedit
723 1371 889 1416 responfio
912 1398 921 1412 ,
949 1382 987 1406 ut
1010 1385 1062 1407 ae-

105 1419 254 1468 ceptatio
280 1419 461 1453 litterarum
489 1430 658 1467 nunquam
687 1419 804 1454 liberet
830 1419 1020 1455 debitorem
1051 1448 1061 1461 ,

63 1495 65 1497 -
103 1481 165 1516 per
188 1481 225 1504 ea
252 1479 332 1516 qua:
358 1467 426 1502 dixi
444 1468 478 1501 d.
503 1470 535 1514 ς.
564 1479 595 1501 2.
610 1468 659 1516 gl.
689 1478 719 1512 5.
735 1468 798 1513 sub
819 1481 906 1502 num.
927 1480 1005 1514 3¹5·
1029 1471 1062 1506 ὅ]

99 1517 160 1563 sub
183 1529 213 1551 n.
231 1529 308 1561 3²2·

150 1565 258 1600 Secus
287 1562 426 1611 quando
450 1561 639 1609 acceptatio
669 1562 854 1610 aliquarum
881 1563 1062 1599 litterarum

94 1609 278 1648 'induceret
302 1611 518 1646 novationem
548 1636 558 1651 ,
586 1609 641 1644 seu
665 1610 913 1657 delegationem
938 1638 947 1653 ‚
981 1613 1062 1658 quia

103 1670 187 1695 tunc
206 1673 245 1696 ex
265 1660 318 1694 illa
336 1660 518 1694 novatione
533 1657 727 1704 campsarius
742 1659 874 1693 debitor
888 1660 966 1694 esset
980 1661 1062 1695 libe-

100 1720 192 1744 ratus
217 1735 226 1751 ,
258 1718 296 1744 ut
319 1707 352 1741 in
378 1708 507 1742 cafibus
532 1733 541 1747 ‚
576 1707 620 1740 de
643 1707 768 1753 quibus
789 1707 928 1753 copiose
951 1707 1062 1754 scripfi

91 1758 184 1804 ficpr.
205 1757 280 1791 ead.
297 1756 461 1806 gl.5.suh
478 1767 619 1798 ›iu-244.
640 1755 773 1801 &seqq.
788 1755 885 1801 quod
901 1766 980 1790 nota
998 1767 1060 1802 pro

98 1803 326 1840 declaratione
359 1803 588 1850 capitulorum
613 1802 784 1838 Bononiae
805 1829 814 1844 ‚
841 1814 924 1850 quac
955 1803 1059 1839 citavi

87 1855 194 1902 supra
210 1854 275 1901 sub
299 1853 366 1886 n.8.

22 1904 58 1928 ¹²
148 1902 286 1944 Quaero
302 1899 442 1947 septimo
453 1927 463 1942 ,
481 1899 566 1949 quid
581 1900 619 1935 fit
633 1898 742 1933 redire
754 1898 878 1934 litteras
893 1911 968 1934 cum
983 1911 1058 1946 pro-

44 1962 50 1965 ·
100 1948 277 1985 testatione
295 1949 308 1984 ἒ

147 1997 380 2043 Respondeo·:
415 1995 541 2032 Redire
567 1995 693 2031 litteras
717 2005 794 2028 cum
818 1995 1058 2041 protestatione

97 2044 241 2080 dicimus
256 2072 266 2086 ,
291 2046 428 2094 quando
447 2044 666 2081 mandatarius
683 2043 844 2078 debitoris
871 2044 1055 2078 litterarum

97 2093 217 2127 cambii
236 2105 304 2128 non
314 2104 481 2140 acceptat,
495 2092 552 2127 seu
566 2104 633 2126 non
646 2090 745 2126 solvit
758 2091 885 2126 litteras
896 2119 903 2129 .
918 2093 951 2127 &
968 2103 1054 2125 man—

95 2140 242 2182 datarius
272 2141 450 2178 creditoris
470 2141 599 2176 idcirco
625 2139 828 2186 protestatur
850 2151 967 2175 contra
995 2139 1053 2173 de-

95 2188 238 2223 bitorem
253 2189 295 2224 de
307 2188 479 2231 interesse,
496 2188 622 2223 damnis
641 2189 673 2221 δι
690 2187 838 2234 impensis
854 2214 863 2228 ,
880 2189 914 2222 δι
931 2187 1054 2222 deinde

94 2235 235 2272 remittit
261 2238 388 2272 easdem
413 2238 539 2272 litteras
558 2248 632 2272 cum
656 2234 898 2281 protestatione
919 2236 961 2269 ad
982 2247 1052 2270 cre-

94 2283 238 2320 ditorem
254 2311 262 2324 ,
281 2286 342 2335 qui
365 2297 446 2319 tunc
461 2285 586 2332 poterit
604 2295 703 2330 agere
718 2293 834 2318 contra
850 2284 1049 2325 debitorem,

93 2342 133 2368 ut
156 2332 223 2367 dixi
233 2336 310 2381 sup.
320 2334 388 2380 sub
405 2345 472 2379 n.3.
498 2333 575 2368 alias
596 2332 617 2366 fi
639 2332 694 2366 ille
720 2330 967 2372 mandatarius,
994 2331 1050 2367 seu

118 2391 293 2417 rocurator
314 2381 492 2416 creditoris
513 2393 579 2416 non
599 2380 722 2414 faceret
741 2379 1014 2424 protestationem
1037 2406 1048 2421 ,

91 2391 216 2464 iinerae
243 2429 401 2476 peculiari
424 2429 589 2477 loquendi
609 2428 714 2463 modo
734 2428 926 2462 dicerentur
942 2428 1049 2462 redire

90 2475 203 2512 inanes
217 2503 227 2518 ‚
254 2475 355 2513 essent
378 2477 463 2512 enim
488 2477 599 2513 inanes
615 2476 646 2510 in
664 2474 836 2510 solutione
849 2502 859 2517 ‚
874 2477 908 2511 δε
922 2487 955 2510 ιη
970 2488 1049 2523 pro-

90 2523 280 2560 testatione.
374 2530 376 2532 ’

17 2593 52 2630 ¹3
141 2572 278 2616 Quaero
292 2573 434 2615 oetavo,
450 2583 489 2608 an
514 2571 663 2608 creditor
675 2598 683 2610 ,
701 2570 761 2620 qui
782 2569 876 2606 dedit
894 2571 1026 2606 cambio
1038 2598 1048 2612 ‚

93 2620 127 2655 &
150 2632 215 2655 non
237 2621 320 2657 mifit
343 2622 467 2658 litteras
482 2648 491 2662 ‚
509 2621 562 2654 vel
585 2619 607 2654 fi
630 2619 712 2654 mifit
727 2645 735 2659 ‚
763 2620 920 2655 redierint
939 2620 1049 2654 inanes

92 2666 159 2701 fine
178 2670 420 2713 protestatione
434 2696 442 2710 ‚
469 2667 566 2716 poffit
587 2667 801 2702 nihilominus
817 2679 917 2714 agere
932 2677 1049 2702 contra

92 2714 280 2751 debitorem
306 2717 425 2765 vigore
446 2717 651 2752 instrumenti
670 2738 685 2757 a·
705 2715 761 2750 seu
785 2715 946 2763 apodissae
961 2720 975 2756 ‚'
992 2716 1048 2750 seu

93 2764 258 2800 extraaus
273 2765 439 2801 cartularii
454 2765 638 2811 S-Georgii
653 2791 662 2806 ,
681 2775 759 2799 curn
777 2763 820 2798 de
833 2766 951 2798 cambii
968 2775 1047 2797 con-

92 2813 198 2846 trastu
218 2812 268 2848 his
290 2813 445 2848 omnibus
466 2812 575 2848 modis
597 2822 754 2859 apparere
770 2810 885 2857 posse,
911 2811 1048 2846 dixerim

83 2859 408 2909 supr.§.t.q.5.n.10.
424 2862 558 2909 &seqq-
574 2860 608 2897 dv·
625 2869 709 2904 ηας.
725 2870 813 2893 vers.
824 2860 999 2907 secundus,
1015 2870 1046 2893 n.

96 2917 149 2954 17.
168 2920 257 2944 vers.
279 2912 419 2943 tertium.

139 2954 236 2990 Huic
253 2956 398 3005 quaefito
419 2955 560 2992 satisfeci
579 2960 611 2990 in
627 2955 679 3005 gl.
695 2957 759 3002 seq.
773 2955 898 2989 nttm.8.
914 2956 948 2993 (ς’
951 2958 1046 3005 seqq.

90 3001 170 3036 ideo
189 3016 254 3038 non
271 3006 387 3052 repeto
402 3031 411 3048 ,
440 3005 516 3040 vide
536 3005 593 3039 ibi.
708 3046 711 3048 .
812 3050 818 3054 Ι

13 3073 55 3106 ,4
139 3050 278 3093 Quaero
290 3065 382 3087 nono
396 3078 405 3092 ,
421 3065 461 3087 an
473 3053 595 3088 litterae
612 3052 731 3098 poffint
749 3050 857 3088 redire
873 3062 950 3085 cum
967 3062 1045 3098 pro-

88 3097 267 3134 testatione
279 3126 289 3141 ‚
311 3099 334 3133 fi
358 3101 441 3134 alius
458 3101 524 3146 stne
543 3100 662 3135 ordine
677 3100 758 3135 velit
772 3110 827 3133 eas
845 3099 949 3133 libere
962 3125 971 3141 ‚
993 3099 1047 3134 vel

87 3145 183 3192 supra
208 3147 358 3193 protestu
382 3147 544 3184 solvere?

133 3193 340 3241 Respondeo
359 3196 458 3243 quod
479 3207 547 3231 non
561 3222 570 3236 ‚
588 3195 668 3244 quia
683 3195 833 3231 creditor
847 3207 915 3229 non
931 3195 1044 3242 potest

83 3243 259 3288 protestari
279 3244 407 3278 litteras
429 3255 546 3279 contra
565 3243 752 3280 debitorem
768 3270 777 3284 ,
799 3242 856 3277 nisi
876 3243 907 3276 in
940 3243 1016 3278 casu
1031 3270 1042 3287 ‚

85 3299 158 3336 quo
174 3290 298 3327 litterae
314 3292 371 3334 fibi
392 3303 460 3327 non
475 3290 643 3326 solvantur
657 3305 664 3327 :
677 3291 768 3326 unde
783 3291 806 3324 fi
818 3289 1042 3338 supponamus

85 3341 142 3371 eas
163 3336 248 3374 solvi
269 3365 279 3381 ‚
303 3337 470 3374 evanescit
493 3335 682 3374 difficultas.
917 3383 920 3387 ⁴

87 3393 93 3427 ζ
132 3385 270 3467 ἦρκτο
283 3387 416 3422 decimo
429 3413 439 3428 ,
453 3386 476 3420 fi
487 3397 685 3433 procurator
698 3415 708 3429 ,
726 3387 780 3422 seu
797 3386 1018 3422 mandatarius
1029 3413 1039 3429 ,

82 3431 138 3466 eui
171 3435 329 3470 olvendae
346 3434 422 3469 sunt
443 3434 567 3470 litterae
581 3461 591 3476 ,
611 3435 646 3470 &
668 3448 737 3471 non
757 3435 931 3470 solvuntur
946 3461 956 3476 ,
973 3447 1041 3471 non

30 3498 36 3526 1
79 3482 286 3526 protestetur
300 3510 309 3526 ,
323 3481 561 3531 praejudicium
579 3483 634 3519 cui
649 3483 840 3519 causabitur
855 3481 869 3518 ἒ

11 3522 50 3586 ¹3
126 3527 223 3564 Huic
237 3532 383 3577 quaefito
399 3528 540 3566 satisfeci
547 3532 650 3580 supra
664 3532 934 3581 §.2.gl.5.n.318.
947 3541 1036 3565 vers.

78 3576 215 3612 extende
226 3579 372 3624 secundo
386 3605 395 3621 ‚
419 3579 500 3614 ideo
523 3578 580 3614 hic
602 3591 670 3614 non
695 3590 828 3626 repeto.

124 3624 263 3669 Quaero
279 3626 461 3663 undecimo
473 3653 484 3670 ,
502 3637 581 3680 quae
595 3627 633 3665 fit
646 3625 754 3664 forma
770 3624 1036 3676 protestationi&

33 989 73 1015 10

1963 173 2075 225 443*

1113 226 1251 272 quando
1270 226 1392 260 litterae
1408 236 1475 261 non
1488 227 1785 274 protestantur‚seu
1801 245 1867 269 non
1883 232 2074 282 soleunture

1161 273 1368 320 Respondeo
1390 299 1400 314 ,
1423 274 1660 322 distinguendo
1684 280 1773 315 duos
1796 282 1900 316 casus.
1943 284 1955 291 ”’

1162 320 1292 355 Primus
1313 321 1408 355 casus
1425 322 1469 355 est
1485 348 1494 365 ,
1546 323 1656 359 nando
1674 329 1870 372 protestatio
1887 328 1922 365 fit
1935 331 1966 366 in
1986 343 2070 367 nun-

1115 368 1202 404 dinis
1227 381 1236 404 :
1261 369 1294 403 δε
1320 368 1382 402 isto
1408 370 1484 404 casu
1514 336 1678 413 guinula,
1704 387 1802 422 quarn
1828 376 1949 423 saepius
1974 380 2071 423 vidi,

1117 416 1163 450 est
1188 416 1240 450 illa
1261 415 1394 461 prorsus
1409 444 1418 457 ‚
1434 429 1532 465 quam
1550 419 1645 465 posui
1661 424 1695 458 (ς’
1707 424 1843 470 praeced.
1861 425 1909 474 gl.
1937 438 1964 460 1.
1982 439 2084 471 num„

1119 465 1175 507 98.
1207 464 1341 544 rputatis
1369 466 1535 500 mutandis
1562 494 1572 509 ‚
1604 478 1643 504 ut
1674 482 1706 504 in
1744 471 1896 518 sequenti
1929 472 2070 509 formula

1120 521 1216 546 exten
1233 524 1262 548 a.
1447 526 1451 529 ·

1166 561 1218 596 Al
1237 573 1326 594 nome
1348 561 1385 594 di
1409 562 1474 596 Dio
1489 559 1540 606 fia
1555 588 1564 604 ‚
1583 563 1688 598 Panno
1707 565 1799 600 mille
1813 568 1958 614 seicento
1975 583 2087 616 quan,

1117 608 1243 641 tordeci
1259 635 1268 648 ,
1283 609 1435 645 correndo
1449 609 1641 645 l'indittione
1656 612 1851 648 duodecima
1865 642 1873 657 ,
1891 616 1910 651 ὰ
1929 618 1964 651 di
1980 621 2071 663 quin-

1118 656 1191 690 deci
1210 656 1414 697 Nwembre,
1436 657 1598 702 constituto
1615 659 1687 694 alla
1704 662 1864 708 presenza
1876 666 1914 697 di
1926 677 1976 698 me
1994 666 2066 700 Gio.

1117 705 1234 738 Maria
1258 705 1384 738 Pinceto
1410 715 1520 738 notaro
1534 730 1543 744 ‚
1563 706 1596 739 δε
1617 709 1811 743 cancelliero
1834 713 2038 758 infras‘critro
2056 740 2068 756 ‚

1118 752 1153 787 &
1174 752 1215 784 de
1235 751 1403 797 testimonii
1417 753 1503 798 fimo
1523 757 1702 795 nominati,
1725 758 1752 790 il
1775 759 1868 807 Mag.
1897 759 2070 807 Francesco

1116 801 1235 834 Numio
1267 799 1427 833 dimanda
1455 800 1492 833 al
1515 801 1611 850 Mag.
1642 805 1780 837 Antonio
1805 807 2070 857 Bezadopaga-

1118 858 1220 880 mento
1238 846 1276 880 di
1290 847 1392 893 studi
1414 847 1506 882 mille
1533 848 1620 883 d’oro
1638 850 1675 883 di
1697 852 1827 886 marche
1842 879 1850 893 ‚
1865 865 1925 901 per
1951 854 2070 892 lettera

1117 894 1154 927 di
1177 896 1274 928 Roma
1291 896 1327 928 di
1350 896 1456 929 Pietro
1475 897 1572 930 Paolo
1593 898 1682 944 Lupo
1698 924 1707 938 ‚
1731 901 1877 947 risponde
1895 895 1964 938 non*
1977 905 2070 939 voler

1116 943 1143 975 li
1159 955 1284 992 pagare
1302 969 1311 982 ‚
1331 944 1447 990 laqual
1467 945 1600 990 risposta
1612 946 1708 991 farta
1725 974 1735 988 ‚
1751 948 1838 982 deero
1854 951 1947 998 Mag.
1967 950 2068 986 Fran-

1117 993 1202 1038 cesco
1222 993 1342 1025 Numio
1362 1002 1421 1038 per
1444 1004 1459 1024 o
1483 996 1516 1026 ni
1536 995 1672 1041 meglior
1692 995 1802 1037 modo,
1827 1000 1958 1046 ragione
1973 1023 1983 1038 ‚
2008 1003 2069 1035 via

1118 1038 1152 1074 (ς’
1164 1039 1273 1084 forma
1283 1049 1342 1086 per
1352 1040 1378 1072 Ii
1393 1005 1483 1084 qualgi
1501 1044 1613 1088 meglio
1629 1041 1669 1075 ha
1682 1054 1792 1090 potute
1807 1069 1816 1084 ‚
1827 1043 1844 1079 ὲ
1856 1044 2070 1093 pudselenne-

1117 1098 1219 1120 mente
1246 1113 1255 1127 ,
1279 1087 1312 1123 ὠ
1338 1086 1554 1121 debitamente
1579 1088 1620 1122 hd
1644 1092 1814 1137 protestata
1830 1097 1848 1133 ’,
1872 1093 1907 1130 ὠ
1929 1097 2070 1139 protesta

1116 1146 1226 1168 contra
1249 1135 1338 1168 deno
1366 1137 1473 1168 Pietro
1498 1136 1597 1170 Paolo
1624 1140 1715 1185 Lupo
1739 1165 1747 1180 ,
1773 1142 1807 1176 (J
1834 1142 1913 1187 qual
1929 1141 1961 1180 [ἰ
1979 1138 2070 1193 vdgli

1106 1183 1256 1230 suciheni
1271 1209 1279 1224 ‚
1295 1183 1330 1219 ὄπ’
1348 1194 1459 1217 contra
1473 1187 1550 1218 tutti
1562 1185 1666 1219 coloro
1680 1213 1689 1227 ‚
1704 1187 1795 1232 quali
1803 1198 1863 1234 per
1880 1190 1967 1224 detto
1982 1205 2070 1226 cam-

1115 1230 1165 1264 bio
1191 1257 1199 1271 ‚
1224 1232 1258 1267 <5
1286 1230 1394 1265 debito
1411 1231 1528 1279 foffero
1552 1232 1687 1280 obligati
1716 1261 1724 1275 ‚
1750 1237 1783 1271 ὅ]
1808 1236 1914 1276 altri,
1943 1239 2075 1286 a'quali

1114 1280 1237 1326 aspetta
1252 1305 1261 1319 ‚
1289 1284 1325 1317 <9³-
1343 1283 1532 1325 appartient?
1557 1282 1658 1326 quello
1682 1282 1807 1317 cambio
1822 1309 1830 1321 ,
1852 1298 1868 1317 e
1893 1285 2000 1320 debito
2015 1313 2025 1328 ,
2050 1299 2069 1320 e

1113 1327 1171 1360 che
1185 1327 1452 1374 poreffespetrare
1466 1354 1474 1367 ‚
1494 1328 1528 1364 ό
1545 1338 1754 1374 appartenere
1770 1331 1834 1365 cosi
1849 1333 1885 1367 al
1897 1335 2041 1380 presente
2056 1361 2067 1377 ‚

1113 1387 1198 1407 come
1219 1378 1250 1407 in
1273 1375 1436 1409 l⁷avenire
1464 1377 1506 1409 de
1536 1378 1613 1409 tutti
1633 1378 1659 1411 li
1684 1378 1785 1412 danni
1806 1404 1817 1420 ‚
1847 1380 1881 1415 &
1907 1382 2040 1428 imereffi
2055 1408 2067 1426 ‚

1111 1421 1248 1468 miffioni,
1268 1423 1406 1461 cambii,
1428 1423 1584 1457 recumbit·
1598 1450 1606 1463 ,
1619 1428 1810 1473 spesefatte
1824 1452 1833 1468 ,
1853 1429 1887 1463 (sy
1903 1430 1948 1462 da
1961 1430 2071 1476 sparsi

1115 1473 1147 1502 in
1175 1471 1336 1513 l’apenire
1354 1482 1413 1517 per
1434 1482 1510 1505 terto
1531 1473 1624 1521 Mag.
1644 1474 1814 1520 Francesco
1838 1476 1959 1510 Numio
1974 1502 1983 1518 ,
2007 1488 2068 1524 per

1111 1530 1173 1552 non
1191 1518 1397 1566 efferlistara
1418 1529 1539 1565 parata
1568 1522 1659 1554 detta
1677 1525 1800 1568 partita
1824 1548 1833 1564 ‚
1852 1524 2007 1569 pendente
2031 1527 2068 1560 la

1106 1564 1193 1608 fiera
1214 1567 1255 1599 de
1275 1570 1364 1602 Santi
1382 1593 1389 1605 ,
1404 1569 1501 1613 satta
1517 1568 1605 1601 nella
1621 1571 1768 1616 presente
1783 1574 1864 1605 cirta
1878 1571 1915 1604 di
1933 1576 2067 1608 piacen-

1113 1625 1158 1646 ια
1174 1640 1182 1653 ,
1205 1627 1221 1646 e
1235 1615 1379 1662 pigliare
1394 1616 1487 1648 detta
1506 1616 1525 1649 ιὶ
1544 1620 1671 1661 partita
1695 1619 1714 1652 ὰ
1731 1620 1824 1665 spese
1839 1645 1849 1660 ‚
1874 1620 1976 1653 damn·
1996 1648 2004 1660 ‚
2029 1623 2065 1658 εἰς’

1112 1662 1252 1710 intereffe
1267 1663 1303 1695 di
1317 1664 1404 1696 detto
1417 1665 1523 1695 Pietro
1540 1665 1639 1698 Paolo
1656 1666 1746 1710 Lupo
1760 1693 1768 1706 ,
1785 1666 1801 1701 o*
1819 1667 1922 1708 altri,
1938 1669 1957 1703 ὰ
1972 1671 2066 1715 quala·

1112 1710 1200 1743 detto
1213 1710 1337 1744 cambio
1352 1737 1361 1750 ‚
1375 1724 1392 1743 e
1405 1711 1513 1745 debito
1529 1713 1745 1762 apparteneffe
1763 1740 1770 1754 ,
1790 1715 1806 1748 o*
1823 1715 1933 1763 poteffe
1946 1728 2065 1763 appar-

1111 1767 1218 1790 tenere
1243 1761 1274 1791 in
1301 1760 1378 1804 qual
1388 1758 1419 1802 fi
1441 1760 1551 1807 voglia
1574 1762 1666 1794 modo
1686 1764 1718 1794 in
1735 1762 1894 1796 l'avenire
1910 1789 1919 1803 ‚
1938 1764 1957 1797 a
1975 1778 2065 1798 cam.

1109 1804 1161 1839 bio
1176 1832 1184 1845 ‚
1203 1805 1220 1839 ε’
1234 1806 1394 1841 recambio
1411 1833 1420 1847 ,
1437 1807 1451 1840 ὁ
1466 1819 1525 1854 per
1546 1810 1656 1849 Roma,
1677 1809 1694 1843 ὁ
1712 1810 1790 1856 qual
1807 1807 1830 1850 [ἲ
1845 1811 1956 1857 voglta
1968 1823 2064 1859 parte

1108 1853 1166 1887 del
1185 1855 1298 1888 mondo
1315 1881 1324 1894 ‚
1346 1854 1436 1889 delle
1460 1855 1550 1902 quali
1571 1858 1640 1903 cose
1658 1857 1745 1891 detto
1771 1860 1865 1905 Mag.
1892 1857 2064 1908 Franeesco

1108 1903 1228 1936 Numio
1245 1902 1285 1938 ha
1308 1902 1454 1948 ria-htesto
1478 1915 1528 1936 me
1545 1904 1604 1952 gia
1628 1904 1715 1939 detto
1732 1917 1845 1940 notaro
1859 1932 1868 1945 ‚
1886 1907 1920 1942 (θ’
1934 1911 2065 1943 cancel-

1109 1951 1190 1983 liero
1205 1976 1214 1991 ‚
1239 1947 1295 1984 che
1313 1950 1342 1983 le
1365 1964 1404 1985 ne
1413 1953 1509 1999 faeci
1527 1952 1656 1998 publico
1676 1954 1875 1997 instrumento
1891 1981 1899 1992 ‚
1919 1956 1945 1989 il
1967 1959 2064 2003 quale

1107 1999 1134 2030 li
1152 1998 1189 2032 ho¹
1206 1999 1284 2032 dato
1297 2000 1384 2045 simo
1408 1999 1514 2046 questa
1526 2001 1635 2046 forma
1647 2003 1755 2048 ‚fatto
1776 2006 1808 2035 in
1826 2004 1859 2034 la
1876 2003 1968 2037 detta
1981 2008 2064 2039 cirta

1106 2046 1142 2079 di
1157 2048 1324 2081 Piacenza
1345 2047 1451 2081 l'anne
1465 2072 1474 2086 ‚
1488 2049 1521 2080 in
1541 2047 1675 2082 dittione
1690 2076 1698 2090 ,
1718 2051 1799 2096 mese
1818 2049 1852 2085 (ἵ
1865 2054 1978 2098 giorno
1988 2064 2063 2099 pre-

1105 2093 1189 2127 detti
1217 2120 1226 2134 ,
1253 2096 1392 2140 presenti
1412 2097 1554 2142 Scipione
1580 2098 1740 2131 Panatero
1761 2124 1770 2137 ,
1793 2098 1826 2134 εἴτ
1853 2099 2063 2147 Alleffandro

1105 2144 1262 2189 Caponi'co
1276 2168 1285 2182 ,
1304 2142 1472 2182 testimonii
1497 2142 1655 2179 chiamati
1669 2171 1679 2187 ‚
1697 2145 1802 2192 segue
1817 2145 1839 2178 il
1856 2157 1952 2182 tenor
1974 2147 2062 2182 della

1103 2190 1232 2225 lettera.

1151 2238 1201 2272 Al
1224 2249 1308 2286 mag.
1332 2241 1417 2287 sign.
1445 2242 1585 2273 Antonio
1608 2240 1743 2274 Bezado
1757 2268 1764 2281 ‚
1793 2243 1958 2276 Placenza
1972 2240 2060 2287 fiera

1102 2286 1144 2321 de
1164 2290 1255 2321 Sami
1277 2290 1368 2328 1614.
1389 2287 1406 2321 ὰ
1423 2288 1461 2321 di
1480 2300 1512 2334 ς,
1526 2289 1658 2322 Onobre
1671 2293 1703 2323 in
1717 2291 1936 2336 Romascudi
1958 2303 2058 2326 1000.

1103 2334 1246 2368 marche.
1265 2337 1301 2367 A
1312 2338 1501 2383 pagamenti
1515 2336 1551 2368 di
1574 2335 1655 2375 fisra
1673 2337 1818 2383 proffima
1836 2338 1877 2371 de
1892 2340 1986 2373 Santi
1995 2351 2058 2386 pa·

1097 2394 1175 2431 gare
1191 2395 1253 2432 per
1275 2384 1381 2430 questa
1407 2385 1443 2417 di
1460 2383 1690 2431 cambioscudi
1703 2386 1793 2420 mille
1815 2385 1852 2419 di
1871 2387 2001 2420 marche
2020 2387 2058 2422 al

1101 2433 1195 2480 Mag.
1217 2431 1388 2478 Francqsco
1407 2433 1528 2465 Numio
1551 2458 1560 2472 ‚
1582 2433 1740 2471 cambiati
1760 2447 1816 2470 con
1842 2434 1870 2467 il
1897 2436 1961 2483 sig.
1984 2434 2055 2469 Gio.

1101 2480 1208 2515 Rotoli
1229 2504 1239 2521 ,
1265 2479 1299 2515 ὠ·
1318 2490 1430 2527 ponere
1449 2492 1535 2513 come
1550 2478 1578 2521 fi
1595 2481 1704 2526 avisa.

1403 2530 1509 2562 Pietro
1532 2527 1632 2562 Paolo
1658 2528 1759 2576 Lupo.

1149 2576 1186 2609 A
1203 2574 1239 2609 di
1259 2575 1347 2609 detto
1363 2575 1389 2609 li
1413 2578 1458 2610 N.
1487 2574 1626 2624 ‘Tonmffo
1645 2578 1774 2612 Pinceto
1790 2606 1798 2619 ,
1819 2579 1854 2617 ἀγ
1877 2581 2056 2614 Giovanet-

1100 2626 1165 2657 tino
1181 2624 1294 2656 Bozzo
1304 2622 1429 2670 publici
1443 2624 1617 2657 mediatori
1634 2624 1671 2657 di
1684 2626 1804 2661 cambii
1817 2627 1918 2662 banno
1935 2630 2054 2675 referto

1098 2682 1157 2718 per
1177 2671 1243 2704 loro
1260 2674 1464 2719 giuramento
1478 2698 1486 2712 ,
1502 2671 1601 2719 efferfi
1613 2672 1774 2707 cambiare
1789 2702 1799 2717 ,
1811 2676 1968 2722 pendente
1983 2677 2054 2709 det-

1099 2730 1135 2753 ta
1149 2717 1237 2762 fieta
1262 2745 1271 2759 ,
1291 2729 1350 2765 per
1379 2720 1481 2753 Roma
1501 2719 1521 2754 ὰ
1544 2720 1658 2753 ducati
1687 2731 1776 2756 cento
1799 2723 1863 2757 due
1884 2735 1944 2771 per
1954 2723 2054 2770 scudi

1097 2777 1185 2801 cento
1208 2765 1245 2800 di
1268 2767 1410 2801 marche.

1097 2815 1290 2850 Gio.Maria
1307 2816 1437 2849 Pinceto
1447 2825 1570 2856 notam,
1585 2816 1618 2853 &
1630 2816 1668 2850 di
1681 2817 1769 2852 dene
1777 2817 1857 2862 fiere
1869 2818 2053 2854 clicelliero.

1147 2861 1325 2898 Secundus
1339 2863 1432 2897 casus
1454 2864 1521 2905 est,
1542 2865 1680 2911 quando
1699 2867 1773 2900 haec
1796 2867 1992 2913 protestatio
2018 2867 2054 2903 fit

1098 2909 1131 2943 in
1156 2910 1227 2944 aliis
1243 2911 1326 2945 locis
1350 2920 1431 2956 puta
1454 2911 1486 2946 in
1511 2912 1650 2947 civitate
1669 2914 1802 2949 Genuae
1818 2941 1827 2953 ,
1846 2915 1879 2949 &
1895 2926 1976 2950 tunc
1991 2914 2054 2949 ser-

1102 2966 1200 2992 vatur
1225 2958 1340 2993 eadem
1364 2958 1469 2993 {orma
1491 2985 1500 3000 ‚
1521 2957 1658 2995 mutatis
1682 2961 1847 2998 mutandis
1861 2989 1870 3004 ,
1890 2961 1945 2996 sed
1970 2964 2055 2996 hanc

1097 3005 1372 3053 protestationem
1394 3005 1425 3040 in
1448 3007 1589 3042 civitate
1611 3008 1743 3044 Genuae
1760 3009 1860 3045 debet
1879 3012 2053 3057 praecede-

1096 3065 1132 3088 re
1144 3065 1363 3100 praeceptum,
1379 3053 1422 3087 de
1439 3066 1511 3102 quo
1533 3055 1565 3089 in
1587 3058 1660 3101 ejus
1678 3055 1809 3093 statutis
1827 3059 2051 3104 lib.4.c.t5.§.

1093 3101 1302 3150 prohibitum.

1148 3149 1285 3192 Quaero
1304 3148 1511 3185 duodecimo
1524 3178 1534 3193 ,
1552 3162 1592 3186 an
1609 3151 1810 3187 cambiorum
1827 3153 1954 3188 lucrum
1967 3180 1976 3196 ,
1997 3155 2051 3189 seu

1096 3196 1250 3232 interesse
1264 3223 1274 3236 ‚
1293 3197 1336 3230 de
1352 3208 1424 3243 quo
1441 3198 1472 3232 in
1489 3199 1743 3245 protestatione,
1763 3201 2051 3250 positafieprasub

1095 3246 1240 3281 num.i6.
1259 3245 1420 3280 debeatur
1434 3246 1574 3291 primum
1590 3258 1737 3290 tantum,
1756 3249 1808 3283 vel
1822 3249 1920 3283 etiarn
1936 3249 2052 3285 secun-

1097 3294 1178 3329 dum
1193 3319 1202 3333 ‚
1232 3293 1264 3326 &
1287 3292 1445 3340 deinceps
1464 3290 1478 3329 ἓ

1142 3341 1340 3387 Antequam
1354 3341 1396 3377 ad
1416 3342 1518 3388 hujus
1531 3342 1724 3390 quaestionis
1740 3342 1975 3380 resolutionem
1990 3346 2049 3382 de-

1096 3388 1524 3437 veniam.praemitto,quod
1543 3393 1618 3424 haec
1635 3390 1793 3438 quaeslio,
1805 3393 1839 3427 &
1855 3392 1976 3440 quaeei
1991 3396 2048 3430 ςὸ-

1094 3447 1176 3471 nexa
1192 3434 1280 3475 sunt,
1292 3437 1441 3482 pendent
1458 3438 1476 3472 a
1492 3439 1640 3473 l.unic.C.
1656 3438 1697 3471 de
1709 3440 1855 3486 [eumque
1862 3452 1920 3488 pro
1931 3442 2047 3482 eo‚&c.

1093 3495 1175 3531 quae
1195 3482 1241 3516 est
1264 3489 1330 3518 una
1346 3483 1389 3519 de
1405 3485 1618 3520 difficiliorib.
1642 3485 1749 3520 totius
1763 3487 1802 3523 C.
1818 3488 1851 3522 &
1865 3489 1963 3523 habet
1979 3499 2045 3522 ma-

1094 3533 1208 3566 teriam
1227 3528 1508 3575 pr‘ofundiffimam
1523 3558 1533 3573 ‚
1559 3532 1823 3578 &longissimam
1841 3562 1850 3577 ,
1873 3537 1906 3570 dc
1922 3536 1967 3570 est
1990 3535 2046 3568 ista

1094 3580 1234 3614 obscura
1246 3604 1255 3618 ‚
1275 3577 1360 3615 sicut
1373 3580 1432 3614 alia
1447 3591 1553 3661 ‚spuae
1569 3579 1652 3615 sitin
1667 3576 1813 3628 corpore
1828 3584 1920 3629 juris,
1937 3583 1969 3617 ὃς
1981 3593 2045 3616 atn-

1092 3627 1246 3675 pleffitur
1261 3636 1348 3661 mare
1359 3627 1458 3673 ampli
1483 3638 1585 3662 imum
1597 3654 1606 3669 ‚
1620 3629 1736 3675 inquo
1753 3631 1855 3676 pauci
1873 3630 2045 3678 finegperi-

1965 3678 2046 3712 culo

2114 334 2156 368 ¹6

2097 2877 2138 2914 ιν

2096 3163 2136 3196 ι8
