2400 3939
11 2605 13 2619 l
61 2595 130 2624 *²00

857 147 907 213 §.
961 142 1047 200 ΙΙ.
1099 138 1281 203 Gloff.
1326 141 1405 202 V.

217 226 364 267 Declara
380 225 516 265 uberius
538 227 625 265 hane
638 224 905 274 ampliationem,
933 231 967 266 ὅ(
983 230 1046 267 sub
1061 244 1129 266 am-

168 279 368 327 pliationes;
398 275 626 323 supponendo
643 275 754 311 casum
769 301 780 316 ‚
807 285 848 310 ut
870 288 1038 314 mercator
1055 291 1128 314 mu-

169 325 318 364 tuaverit
345 324 425 360 mibi
447 323 504 359 hic
532 324 656 360 Romae
675 323 790 358 scutos
813 323 919 367 mille,
954 327 1128 373 &postea

167 374 335 412 recellerit
355 372 398 407 ad
413 371 583 416 Galliam3
615 373 649 407 &
666 369 808 406 dubium
825 371 956 408 oriatur
968 400 977 416 ,
1002 386 1042 408 an
1060 388 1127 422 ego

166 433 280 458 tenear
300 420 382 456 illuc
405 429 577 456 mutuatos
609 419 723 455 scutos
754 418 843 453 mille
872 421 953 455 meis
978 424 1127 468 expenfis

163 469 313 510 mittere,
330 477 372 502 an
388 467 464 509 suis,
480 480 519 502 an
537 479 602 503 nec
611 467 702 507 meis,
724 477 788 500 nec
802 466 878 507 suis,
897 467 953 504 sed
969 469 1038 515 ipse
1052 470 1128 506 mit-

160 527 232 554 tere
245 517 367 552 debeat
386 516 455 550 huc
470 515 629 563 aliquem,
644 514 701 550 cui
714 525 781 560 ego
799 513 934 558 solvam,
954 517 1028 552 &is
1046 517 1126 553 affe-

157 576 227 601 rat:
263 576 338 613 quo
352 563 429 599 casu
443 564 476 598 in
498 564 611 610 primis
627 562 904 610 praemittendum
928 565 974 599 est
988 591 997 606 ,
1027 567 1127 613 quod

154 624 330 650 mutuator
342 612 446 647 debet
467 611 657 650 conservari
676 610 855 645 indemnis:
876 611 945 647 hoc
969 613 1120 660 suppofi-

153 673 192 696 to
206 688 216 703 ‚
238 663 272 697 δε
289 659 457 708 praemisso
473 687 483 700 ,
501 657 564 705 pro
583 658 678 694 dubii
696 658 901 694 resolutione
918 660 1093 708 distinguo
1112 676 1121 699 ε

152 711 229 746 Aut
245 721 411 745 mercator
425 719 496 744 erat
510 709 542 742 in
561 707 704 743 Galliam
720 705 784 741 suis
803 708 951 755 expensis
966 720 1125 755 portatu-

152 769 210 793 rus
232 758 308 793 illos
330 769 432 791 1000.
459 767 548 803 quos
565 756 647 790 mihi
676 755 869 799 mutuavit3
899 757 933 792 δε
955 766 1038 792 tunc
1058 769 1127 805 ego

151 816 271 840 teneor
295 804 445 849 expensis
469 803 674 839 mutuatoris
705 803 876 838 remittere
904 804 938 838 in
969 804 1119 841 Galliam

151 852 262 888 didos
278 853 387 887 mille:
415 852 490 888 Aut
506 862 673 887 mercator
685 863 753 885 non
767 860 837 885 erat
850 851 925 886 illos
943 852 1034 886 mille
1049 865 1126 900 por.

150 912 285 938 taturus
307 913 340 934 in
357 901 519 940 Galliam,
541 901 574 934 ὅ(
591 909 674 934 tunc
693 910 823 933 certum
842 898 910 940 est,
934 900 1034 948 quod
1053 912 1120 948 ego

151 961 220 984 non
241 960 360 985 teneor
374 960 518 988 mittere,
536 949 569 983 ὅ(
589 946 755 983 satisfacio
775 945 960 989 solvendo,
991 948 1044 983 vel
1066 950 1124 984 de-

149 997 314 1044 ponendo
344 996 401 1032 hic
429 996 551 1032 Romae
563 1023 572 1036 ,
599 996 654 1029 ubi
682 1005 838 1030 mutuum
867 996 1006 1043 accepi,
1042 998 1121 1032 Me-

151 1046 222 1081 din.
243 1048 277 1079 in
292 1047 359 1089 suis
372 1046 468 1080 trae‘l.
486 1056 562 1078 tom.
576 1057 607 1078 2.
630 1046 682 1080 tit.
706 1043 748 1078 de
766 1043 837 1078 rub.
861 1045 961 1089 restit.
989 1057 1020 1092 q.
1033 1061 1064 1082 2.
1089 1049 1123 1081 in

151 1094 289 1141 respons:
300 1092 348 1128 ad
365 1106 397 1138 3.
412 1107 442 1142 q.
456 1093 543 1138 vers}
554 1091 668 1133 fimilis
684 1092 860 1126 dubitatio.
870 1092 938 1138 fol.
955 1104 1007 1139 ¹7·
1020 1106 1123 1143 quern

152 1141 187 1176 in
206 1141 275 1175 hoc
307 1141 427 1176 ultimo
452 1142 627 1180 membro,
652 1139 743 1175 nulla
772 1138 856 1173 fasta
889 1140 1060 1176 mentione
1080 1143 1123 1177 de

153 1189 263 1235 primo
275 1216 284 1230 ,
298 1188 514 1237 sequiturqso.
536 1190 638 1222 Azor.
651 1187 693 1222 de
705 1188 803 1233 instit.
822 1187 937 1221 moral.
944 1191 1121 1236 par.3.lg'h.

154 1248 188 1279 4.
202 1240 253 1272 u't.
273 1237 316 1271 de
330 1238 430 1284 restit.
445 1247 516 1284 cap.
529 1248 544 1281 3
553 1248 584 1283 3.
605 1239 692 1284 versi
704 1248 743 1271 ex
759 1248 817 1284 quo
821 1238 985 1284 sequitur.
998 1241 1030 1272 in
1043 1239 1120 1283 fine.

174 1297 190 1318 ο
209 1312 217 1319 .
263 1298 280 1318 2
309 1311 318 1318 .

75 1354 141 1392 ¹97
155 1298 172 1320 c
193 1285 342 1378 lAintilia
368 1324 518 1367 secundo
532 1358 541 1372 ,
567 1342 606 1366 ut
625 1329 762 1366 debitor
778 1341 932 1367 teneatur
947 1332 1076 1370 solvere
1089 1333 1122 1369 in

153 1381 234 1416 loco
252 1380 428 1416 destinatae
443 1379 640 1421 solutionis,
675 1390 741 1413 non
757 1378 864 1415 solum
886 1380 906 1414 si
924 1379 1044 1418 debeat
1064 1395 1120 1429 pe·

152 1430 297 1469 cuniam,
313 1441 372 1464 aut
389 1428 481 1463 aliud
501 1426 613 1468 simile,
627 1426 722 1474 quod
739 1427 803 1462 sine
819 1428 982 1475 periculo,
997 1431 1063 1466 sine
1074 1432 1120 1465 la-

150 1477 256 1518 bore,
273 1478 307 1512 ἀ
323 1476 514 1522 sumptibus
534 1475 644 1522 potest
661 1473 702 1509 ad
722 1475 814 1511 illum
837 1477 948 1512 locum
965 1480 1120 1524 portari3

149 1525 206 1559 sed
225 1526 323 1560 etiam
343 1525 363 1559 si
380 1524 502 1559 debeat
514 1526 657 1571 aliquam
674 1522 827 1569 speciem,
847 1524 899 1559 vel
915 1525 1045 1573 aliquid
1058 1540 1119 1574 ge-

151 1574 239 1608 neris
258 1573 445 1614 subalterni,
457 1583 550 1620 puta,
564 1573 681 1607 decem
697 1568 809 1607 salmas
823 1572 899 1615 vini,
915 1574 967 1608 vel
982 1587 1118 1612 centum

152 1621 290 1657 modios
312 1621 438 1662 tritici,
460 1633 541 1668 quae
559 1633 625 1654 non
642 1619 706 1653 line
723 1620 877 1666 periculo
891 1647 900 1663 ,
923 1622 1118 1670 &impensis

153 1671 322 1716 exportari
345 1668 503 1717 possunt,
534 1668 614 1716 quia
640 1667 776 1704 debitor
800 1669 903 1704 debet
923 1670 1036 1706 adhuc
1054 1671 1119 1708 suis

150 1716 352 1764 sumptibus
367 1729 513 1765 portare.

197 1765 389 1812 Subamplia
416 1765 503 1799 hanc
528 1763 800 1811 ampliationem,
847 1774 885 1799 ut
914 1766 1079 1812 procedat
1107 1796 1118 1811 ,

147 1813 249 1848 etiam
269 1814 289 1847 si
305 1815 384 1862 quis
399 1813 593 1861 promisisset
621 1811 751 1847 solvere
780 1811 950 1849 Bononiae
979 1827 1116 1852 centum

142 1862 320 1909 amphoras
335 1863 402 1896 vini
422 1860 616 1900 Vicentini,
641 1859 721 1907 qui]
739 1860 854 1895 adnue
880 1861 1023 1897 deberet
1046 1864 1113 1899 suis

147 1909 334 1957 sumptibus
352 1910 540 1945 Bononiam
565 1919 699 1956 portare
713 1935 720 1948 ,
740 1908 822 1944 licet
837 1935 846 1950 ,
865 1920 934 1945 non
952 1911 1116 1949 destinato

149 1958 231 1993 loco
251 1959 449 1997 solutionis,
476 1957 550 1992 satis
569 1955 648 1991 effet
665 1956 744 1991 dare
759 1957 955 2002 Vicentiae;
988 1970 1023 1995 ut
1047 1961 1116 1997 dixi

151 2008 241 2054 infra
257 2018 370 2052 n.235.
393 2007 558 2041 declara.
572 2018 601 2040 n.
618 2016 696 2046 241.
713 2004 748 2041 (θ’
763 2017 842 2050 243·

201 2055 346 2090 Declara
369 2055 479 2102 primo
507 2065 596 2088 nunc
619 2052 757 2088 eandem
783 2054 1058 2097 conclrffionem,
1077 2067 1117 2091 ut

153 2100 322 2149 procedat
336 2129 346 2144 ,
373 2102 512 2150 quando
527 2102 625 2137 locus
639 2101 684 2137 est
697 2101 867 2148 appositus
887 2103 996 2149 gratia
1008 2104 1117 2138 credi·

151 2150 257 2203 foris,
293 2151 373 2198 quia
401 2160 484 2185 tunc
513 2162 580 2184 non
607 2148 744 2195 cogitur
771 2149 847 2183 alibi
879 2151 1053 2198 recipere3
1083 2153 1117 2187 ὃς

148 2198 260 2241 idem,
289 2199 310 2232 si
334 2198 381 2232 est
407 2198 578 2244 appositus
610 2197 714 2244 gratia
748 2198 926 2245 utriusque
943 2226 953 2239 ,
991 2202 1022 2236 &
1047 2200 1117 2235 hoc

149 2246 306 2282 constat:
339 2246 434 2280 secus
454 2248 474 2281 si
498 2244 578 2280 esset
604 2244 775 2292 appositus
797 2248 903 2292 gratia
928 2247 1116 2290 debitoris,

148 2295 232 2342 quia
252 2306 336 2330 tunc
351 2294 489 2329 debitor
503 2292 633 2341 posset,
651 2293 883 2329 renunciando
900 2293 968 2330 suat
984 2298 1118 2342 gratiae,

148 2343 225 2378 alibi
250 2342 397 2384 solvere,
420 2343 476 2378 61.
496 2344 593 2377 unica
606 2368 614 2382 ,
644 2344 676 2375 in
694 2339 762 2385 fine
775 2367 785 2381 ‚
812 2344 844 2376 in
861 2344 885 2378 l.
902 2346 929 2378 is
948 2349 1001 2391 qui
1020 2357 1117 2380 certo.

147 2391 183 2427 t&
199 2390 244 2425 ibi·
266 2395 347 2427 Bar.
366 2392 400 2426 δε
422 2391 549 2426 clarius
574 2389 671 2423 Paul.
691 2389 733 2423 de
758 2390 897 2436 Cast-ff.
919 2392 960 2425 de
976 2404 1011 2426 eo
1032 2393 1117 2440 quod

145 2451 211 2474 cer.
228 2440 287 2474 loc.
305 2440 339 2475 δε
356 2437 437 2488 quid
452 2466 461 2480 ‚
482 2439 517 2473 Si
536 2438 594 2471 sint
620 2437 769 2485 appofita
790 2438 884 2485 plura
906 2439 1001 2481 loca,
1033 2441 1113 2475 vide

147 2486 284 2522 eosdem
297 2514 306 2529 ,
336 2488 370 2522 ὃ(
394 2488 492 2522 Paul.
507 2487 549 2521 de
574 2486 676 2532 Castr.
694 2488 725 2519 in
742 2485 766 2519 l.
781 2499 811 2532 3.
823 2498 883 2522 non
899 2491 1020 2536 utique.
1043 2491 1074 2536 ς.
1087 2490 1120 2535 fi

147 2538 219 2583 quis
236 2539 296 2570 ita.
310 2537 352 2583 ff.
372 2535 444 2569 eod.

197 2584 340 2619 Declara
363 2581 509 2617 secundo
524 2609 533 2624 ,
561 2593 600 2618 ut
624 2581 760 2618 debitor
791 2581 888 2628 poffit
907 2583 1022 2619 adhuc
1035 2585 1115 2619 abbi

142 2632 289 2672 solvere,
317 2629 505 2666 dummodo
529 2631 617 2666 ultra
635 2629 754 2666 sortem
775 2629 880 2666 solvat
898 2658 907 2673 ,
925 2631 956 2664 id
975 2659 983 2672 ,
1012 2634 1110 2679 quod

142 2680 320 2715 creditoris
347 2678 480 2714 interest
494 2705 505 2720 ,
532 2679 588 2714 sibi
606 2691 672 2714 non
691 2677 772 2714 solvi
787 2677 820 2712 in
841 2680 921 2715 loco
936 2679 1112 2716 destinatae

142 2726 333 2770 solutionis,
344 2727 424 2775 quia
440 2737 521 2762 tunc
536 2727 685 2763 creditor
701 2727 841 2772 cogitur
858 2727 934 2762 alibi
953 2729 1110 2774 recipere,

144 2778 224 2810 Bar.
237 2777 272 2814 (ς’
289 2776 386 2810 Paul.
412 2776 453 2810 de
475 2776 578 2822 Castr.
601 2778 636 2810 in
652 2775 684 2810 d.
702 2776 725 2810 l.
745 2778 837 2824 isqui
854 2788 949 2811 certa.
965 2777 1008 2821 ff.
1025 2777 1066 2810 de
1077 2791 1112 2812 eo

143 2823 229 2872 quod
243 2837 306 2859 cer.
325 2826 384 2859 loc.
406 2823 494 2857 idem
510 2824 610 2861 Paul.
626 2824 668 2858 de
685 2825 787 2870 Castr.
803 2827 835 2857 in
850 2825 872 2858 l.
893 2837 919 2857 ι.
942 2836 1011 2870 n.5.
1023 2828 1109 2873 vers.

143 2874 176 2906 in
195 2873 264 2921 glo.
275 2874 368 2922 seqq.
375 2873 417 2918 ff
433 2871 505 2908 eod.

194 2921 339 2956 Declara
362 2919 462 2955 tertio
478 2947 487 2961 ‚
514 2931 552 2955 ut
569 2918 592 2954 si
616 2919 649 2954 in
675 2919 755 2955 loco
778 2919 951 2954 destinatae
970 2920 1110 2957 solutio-

143 2966 193 3001 nis
209 2979 271 3002 nec
287 2968 437 3003 creditor
451 2994 462 3009 ,
487 2979 548 3004 nec
566 2968 701 3003 debitor
728 2967 848 3001 habeat
869 2966 1079 3004 domicilium
1099 2997 1108 3011 ,

141 3015 294 3064 ideoque
309 3026 457 3097 uterque
483 3016 520 3053 sit
542 3015 573 3049 in
596 3028 637 3051 eo
655 3014 813 3056 forensis,
836 3016 868 3051 ὅ(
891 3015 1049 3052 solntioni
1071 3018 1110 3052 il-

141 3063 187 3098 lic
204 3062 371 3100 facienda:
404 3073 431 3100 it
448 3063 637 3109 praestitura
655 3074 746 3099 certa
767 3062 838 3098 dies
851 3090 858 3102 ,
885 3063 1034 3100 creditor
1051 3066 1110 3101 de·

142 3111 220 3147 beat
244 3113 387 3158 probare
402 3138 412 3153 ,
441 3111 473 3148 se
496 3112 552 3147 illa
570 3111 643 3155 die,
670 3109 766 3147 fuisse
792 3110 826 3146 in
847 3111 902 3146 illo
923 3112 1003 3147 loco
1019 3140 1028 3155 ,
1057 3126 1108 3149 re-

141 3170 323 3206 cepturum
337 3158 562 3203 solutionem3
587 3160 674 3201 alias,
691 3160 712 3195 si
729 3159 797 3194 hoc
809 3171 876 3195 non
892 3162 1025 3207 probat,
1041 3174 1109 3200 non

141 3206 268 3243 dicitur
284 3208 424 3254 probata
443 3220 535 3242 mora
552 3207 718 3245 debitoris
733 3234 742 3249 ,
774 3209 855 3241 Bar.
874 3210 905 3242 in
922 3208 945 3242 l.
963 3210 1014 3244 18.
1032 3213 1109 3245 item

141 3256 218 3291 illa.
235 3267 322 3290 num.
339 3267 350 3289 ι
364 3267 392 3291 r.
408 3257 496 3303 vers.
511 3268 612 3303 quaero
637 3267 727 3304 pone.
737 3256 780 3302 ff.
801 3255 834 3290 d.
849 3257 971 3302 constit.
995 3268 1108 3303 pecten.

140 3304 244 3340 Alex.
262 3305 345 3352 confi
364 3316 439 3352 ¹7²·
466 3303 564 3346 vilis,
588 3317 675 3339 num.
695 3317 727 3348 4.
749 3303 806 3338 lib.
823 3317 854 3338 2.
874 3303 908 3340 (7
926 3307 1007 3353 confi
1027 3318 1107 3341 210.

135 3352 338 3398 ponderatis.
353 3352 419 3398 sub
431 3363 516 3386 num.
537 3365 569 3386 ι.
586 3353 643 3390 lib.
658 3355 690 3387 6.
702 3349 817 3400 Τίνας.
832 3350 874 3386 de
888 3363 967 3389 retr.
983 3353 1061 3403 lign.
1074 3357 1107 3400 ξ.

143 3411 196 3446 ¹5·
215 3401 298 3449 glos.
312 3413 344 3434 2.
371 3412 402 3435 n.
423 3410 474 3435 ιο.
491 3399 579 3447 vers.
595 3403 646 3435 cui
661 3403 808 3436 concinit.
827 3401 861 3438 (5
888 3402 959 3437 Rol.
975 3401 993 3436 ὰ
1014 3403 1106 3438 Vall.

57 3475 122 3502 ,ω
137 3449 220 3496 cons.
236 3461 288 3496 57.
300 3449 371 3495 viso
382 3446 532 3497 proc-effu.
541 3448 607 3496 sub
618 3460 702 3484 num.
721 3460 776 3496 35.
789 3449 876 3496 vers.
880 3449 1025 3494 secundo
1044 3452 1109 3497 res-

135 3496 294 3541 pandetur
320 3496 356 3534 ἀν
379 3508 465 3531 num.
483 3498 539 3542 36.
559 3495 595 3534 ό*
618 3497 705 3545 fi’qq·
736 3497 793 3532 lib.
815 3510 843 3532 ι.
872 3497 898 3543 †
923 3497 1003 3546 quia
1031 3497 1110 3534 data

136 3542 236 3578 etiam
257 3543 321 3582 isto
343 3543 423 3580 casu
443 3555 536 3579 mora
559 3543 723 3580 debitoris
736 3572 746 3585 ,
759 3555 868 3580 tamen
884 3543 940 3580 illa
958 3545 1110 3583 credito·

135 3589 163 3624 ri
188 3596 258 3627 non
281 3592 401 3628 nocuit
432 3603 510 3627 cum
547 3593 647 3628 etiam
674 3591 697 3628 si
726 3592 868 3628 debitor
903 3591 1085 3629 acceffisset
1098 3620 1108 3635 ,

134 3650 205 3674 non
230 3639 396 3676 habuisset
422 3639 482 3683 cui
512 3638 664 3677 solvisset
682 3666 692 3683 ‚
729 3641 885 3690 ideoque
915 3652 981 3677 una
1015 3653 1111 3679 mora

72 1745 135 1790 ¹98

12 2036 13 2096 l
70 2078 135 2113 ¹99

62 2925 121 2950 101

1186 231 1422 280 compensatur
1444 243 1521 268 curn
1543 231 1646 266 altera
1661 258 1671 272 ,
1694 233 1789 268 Paul.
1820 234 1861 268 de
1886 235 1987 279 Castr.
2012 238 2045 270 in
2073 235 2097 269 Ι.
2114 247 2147 269 2.

1177 279 1241 328 sub
1264 292 1350 315 num.
1371 279 1457 328 7.ff.
1479 280 1521 314 de
1539 293 1575 313 eo
1600 280 1685 326 quod
1704 293 1771 315 cer.
1799 283 1860 320 loc.

1231 326 1348 362 Infero
1372 327 1480 374 pruno
1509 339 1549 362 ex
1578 327 1640 361 hac
1666 326 1916 371 declaratione,
1952 329 2051 378 quod
2072 340 2146 365 cre·
2163 340 2226 376 ²03

1185 373 1298 416 ditor,
1328 388 1396 409 non
1416 377 1579 422 probans,
1606 386 1640 409 ut
1664 373 1758 420 supra
1775 377 1912 412 videtur
1930 377 2075 413 debitori
2096 390 2146 414 re-

1184 421 1301 457 mifisse
1322 423 1409 457 illam
1430 423 1498 458 diei
1525 422 1824 468 interpellationem
1838 452 1848 464 ,
1877 427 1910 460 ὃς
1937 425 2120 460 instantiam
2135 453 2146 468 ,

1184 470 1219 505 δε
1244 470 1490 518 consequenter
1512 470 1665 505 debitum
1696 482 1843 507 remanet
1867 473 1931 506 sine
1956 473 2023 507 dici
2045 473 2149 508 inter-

1183 518 1389 565 pellatione;
1424 519 1504 565 quia
1536 518 1590 553 illa
1619 517 1665 553 est
1690 518 1936 561 circrmdusta,
1969 520 2074 561 ideo,
2108 531 2150 557 ut

1183 565 1319 601 debitor
1355 566 1475 601 exinde
1503 565 1727 602 constituatur
1757 567 1791 602 in
1821 576 1937 608 mora,
1967 568 2150 616 requiritur

1183 626 1271 649 nova
1287 613 1452 656 hominis,
1467 612 1580 656 idest,
1603 614 1782 650 creditoris
1799 614 2025 663 interpellatio
2037 642 2046 657 ,
2065 618 2148 654 Bar.

1183 663 1240 696 ubi
1244 664 1322 708 sup.

1227 707 1410 745 Subinsero
1433 721 1473 744 ex
1497 708 1561 745 hac
1577 708 1750 752 illatione,
1784 711 1981 759 quodlicet
2009 711 2146 749 debitor
2163 710 2231 743 ²0⁴

1181 757 1302 792 cambii
1321 757 1353 791 in
1375 757 1561 801 nundinis;
1587 770 1653 792 non
1681 767 1816 804 reperto
1836 760 2008 795 creditore
2021 787 2031 802 ,
2064 772 2146 808 pru-

1180 802 1298 840 denter
1316 806 1542 852 protestetur,
1572 804 1670 853 quod
1689 805 1757 852 ipse
1781 806 1826 840 est
1843 820 1980 854 paratus
2001 808 2143 852 solvere,

1178 851 1200 885 si
1215 851 1354 888 haberet
1378 853 1433 887 cui
1454 854 1605 900 legitime
1620 854 1766 889 solveret
1779 879 1789 894 ,
1820 866 1857 890 ut
1876 854 1960 890 faeta
1983 856 2046 892 hac
2062 869 2143 904 pro-

1178 899 1360 937 testatione
1378 927 1388 941 ,
1422 901 1564 937 ulterius
1598 914 1666 937 non
1703 911 1856 937 teneatur
1884 904 1926 938 ad
1955 904 2109 941 interesse
2130 932 2141 947 ‚

1178 959 1243 983 nec
1273 948 1383 984 redire
1406 948 1448 983 ad
1478 949 1664 992 nundinas,
1702 960 1813 985 tamen
1843 949 1919 986 haec
1942 953 2143 998 protestatio

1177 1007 1245 1031 non
1274 997 1321 1031 est
1354 996 1530 1033 necessaria
1549 1025 1557 1040 ,
1599 999 1679 1047 quia
1709 996 1863 1033 interesse
1897 1013 1964 1034 non
1998 1002 2104 1036 currit
2128 1029 2140 1045 ‚

1207 1044 1318 1079 uoties
1337 1057 1406 1080 non
1422 1045 1553 1082 constat
1567 1073 1577 1087 ‚
1605 1046 1674 1081 illic
1689 1044 1786 1081 fuiffe
1809 1046 2013 1083 creditorem
2027 1075 2038 1090 ,
2063 1061 2144 1084 cum

1179 1056 1315 1128 debitor
1338 1103 1502 1129 remaneat
1528 1095 1594 1130 fine
1615 1106 1730 1136 mora,
1760 1093 1911 1145 hincque
1938 1095 2008 1138 est,
2043 1097 2144 1146 quod

1177 1141 1363 1177 creditores
1390 1139 1519 1178 faciunt
1547 1153 1706 1190 apparere
1736 1144 1942 1179 contrarium
1965 1171 1975 1186 ,
2006 1155 2046 1181 ut
2072 1144 2143 1180 dixi

1179 1201 1208 1223 n.
1241 1203 1257 1222 e
1282 1215 1289 1223 .

1216 1190 1344 1274 ’.lanfero
1371 1237 1542 1277 secundo,
1576 1238 1674 1286 quod
1697 1237 1776 1274 licet
1801 1239 2010 1276 cambiorum
2032 1254 2140 1290 nego-

1177 1284 1304 1326 ciator,
1334 1286 1391 1322 cui
1416 1284 1500 1321 solvi
1523 1286 1649 1322 debent
1674 1286 1798 1322 litterae
1821 1288 1938 1324 cambii
1961 1289 1994 1323 in
2015 1290 2141 1326 nundi-

1176 1332 1247 1373 nis,
1276 1333 1398 1369 debeat
1422 1333 1528 1368 solum
1546 1335 1709 1379 probare,
1735 1343 1774 1369 ut
1802 1334 1916 1382 supra,
1943 1335 1975 1371 se
2000 1337 2096 1374 fuisse
2107 1339 2143 1373 in

1176 1379 1239 1414 illis
1262 1383 1419 1418 nundinis
1436 1409 1445 1423 ‚
1475 1383 1508 1419 &
1525 1381 1659 1419 debitor
1684 1393 1837 1419 teneatur
1862 1381 1974 1419 facere
1997 1385 2141 1434 diligen·

1179 1428 1255 1463 tiam
1272 1457 1281 1470 ,
1311 1442 1344 1466 ut
1368 1431 1413 1466 illi
1433 1429 1559 1474 solvam
1574 1432 1654 1477 quia
1676 1442 1756 1465 cum
1776 1441 1922 1479 uterque
1945 1432 1983 1467 fit
2002 1433 2037 1467 in
2055 1446 2142 1469 nun-

1177 1476 1285 1518 dinis,
1315 1479 1476 1514 damur
1495 1478 1560 1513 effe
1585 1479 1617 1511 in
1641 1478 1756 1513 eadem
1782 1477 1956 1522 Civitate,
1997 1483 2032 1518 δε
2053 1481 2140 1528 ejus-

1177 1524 1251 1558 dem
1271 1525 1356 1569 fori3
1387 1539 1460 1574 qno
1475 1525 1551 1560 casu
1571 1525 1706 1563 debitor
1724 1536 1860 1563 tenetur
1874 1527 1922 1562 ire
1937 1528 1980 1564 ad
2000 1528 2141 1565 domum

1177 1573 1377 1618 creditoris-3
1405 1585 1511 1609 tamen
1527 1574 1713 1611 creditores
1734 1573 1776 1609 ad
1793 1576 1951 1622 majorem
1973 1578 2141 1615 cautelam

1175 1619 1279 1656 solent
1308 1622 1419 1657 facere
1445 1622 1653 1670 diligentiam
1685 1622 1873 1670 reperiendi
1903 1636 2003 1668 eum,
2032 1625 2142 1675 aquo

1176 1668 1302 1705 litterae
1326 1670 1409 1706 solvi
1430 1671 1579 1712 debent,
1606 1670 1674 1705 imo
1690 1682 1749 1718 per
1767 1672 2067 1717 proclamationem
2089 1667 2140 1710 iii·

1176 1718 1312 1764 quirere
1326 1745 1334 1759 ,
1362 1731 1401 1752 an
1416 1718 1538 1766 aliquis
1554 1718 1634 1754 velit
1652 1718 1723 1756 illas
1739 1718 1867 1755 litteras
1884 1719 2013 1756 solvere
2026 1748 2036 1763 ,
2058 1722 2139 1771 qui-

1176 1767 1238 1800 bus
1256 1779 1322 1801 non
1348 1766 1481 1805 solutis,
1519 1778 1602 1802 tunc
1628 1765 1733 1803 solent
1751 1767 1954 1815 protestari;
1978 1768 2035 1806 sed
2061 1770 2140 1806 haec

1177 1814 1378 1860 protestatio
1393 1827 1469 1850 meo
1482 1815 1626 1861 judicio,
1648 1826 1687 1850 ut
1704 1815 1772 1850 dixi
1782 1815 1899 1861 potius
1922 1829 1962 1851 ex
1977 1817 2138 1854 laudabili

1176 1862 1282 1909 slylo,
1315 1874 1416 1910 quam
1439 1875 1478 1896 ex
1504 1863 1698 1899 necestitate
1724 1862 1770 1898 est
1793 1863 2006 1906 introdufla,
2041 1866 2140 1914 quod

1176 1908 1285 1957 scripsi
1312 1911 1410 1945 etiam
1436 1913 1466 1957 §.
1483 1912 1620 1958 praeced.
1635 1925 1664 1959 q.
1681 1926 1714 1959 7.
1725 1923 1800 1959 par.
1813 1924 1844 1946 2.
1861 1913 1963 1960 ampl.
1978 1914 2009 1949 8.
2024 1914 2089 1962 stab
2105 1927 2137 1949 n.

1178 1961 1256 2003 263.
1274 1960 1359 2005 vers
1377 1972 1434 1992 non
1450 1959 1560 2003 obstat.
1576 1971 1681 2006 quare
1696 1959 1881 2002 sufficeret,
1903 1960 2001 2010 quod
2015 1963 2141 1998 litterae

1176 2006 1321 2042 redirent
1336 2007 1447 2041 inanes
1462 2019 1538 2040 cnm
1558 2008 1693 2054 publica
1706 2007 1936 2051 attestatione,
1961 2009 2059 2058 quod
2071 2021 2141 2046 non

1177 2053 1313 2089 fuerunt
1328 2066 1530 2100 acceptatae.

1223 2101 1382 2138 Extende
1402 2104 1486 2137 lianc
1504 2102 1632 2137 tertiam
1647 2103 1907 2141 declarationem
1920 2133 1929 2147 ,
1949 2116 1987 2142 ut
2003 2103 2140 2143 debitor
2155 2111 2224 2145 ωε

1175 2160 1329 2186 teneatur
1347 2163 1415 2186 non
1431 2151 1534 2186 solum
1553 2149 1684 2186 solvere
1698 2153 1731 2186 in
1750 2152 1831 2188 loco
1853 2154 2028 2190 destinatae
2049 2153 2141 2192 solu-

1174 2198 1296 2241 tionis,
1327 2197 1381 2234 sed
1406 2198 1503 2245 possit
1529 2199 1628 2234 etiarn
1646 2200 1692 2235 ibi
1709 2200 1902 2244 conveniri,
1926 2203 2080 2250 quamvis
2097 2214 2140 2238 eo

1172 2247 1203 2281 in
1237 2247 1318 2283 loco
1345 2253 1493 2295 uterque
1524 2247 1563 2282 fit
1584 2246 1749 2293 forenfis3
1776 2249 1857 2296 quia
1885 2251 1944 2286 etsi
1967 2251 2022 2285 ille
2044 2249 2142 2287 forus

1172 2307 1284 2343 neque
1306 2295 1436 2331 ratione
1460 2294 1619 2342 originiS,
1645 2308 1758 2344 neque
1773 2297 1903 2332 ratione
1921 2299 2085 2335 domicilii
2101 2299 2142 2335 fit

1172 2342 1267 2378 forus
1294 2355 1492 2390 competens
1513 2355 1524 2387 3
1555 2353 1663 2379 tamen
1695 2346 1826 2380 ratione
1852 2345 2028 2383 destinata:
2051 2347 2141 2383 solu-

1171 2392 1275 2428 tionis
1295 2391 1480 2427 sortiuntur
1507 2391 1598 2425 illum
1622 2390 1733 2428 forum
1746 2420 1756 2434 ,
1790 2393 1871 2442 quia
1887 2395 1945 2431 ubi
1961 2394 2037 2442 quis
2052 2396 2140 2432 cele-

1171 2441 1244 2473 brat
1266 2439 1473 2475 contradum
1500 2440 1543 2474 ibi
1567 2439 1678 2474 forum
1698 2439 1857 2484 sortitur,
1887 2444 1921 2479 &
1945 2443 2140 2480 contradus

1170 2488 1309 2535 fingitur
1324 2488 1512 2524 celebratus
1527 2515 1535 2528 ,
1571 2487 1630 2522 ubi
1655 2490 1778 2524 collata
1795 2490 1841 2525 est
1866 2489 1989 2527 solutio
2008 2519 2016 2532 ,
2039 2493 2139 2531 Paul.

1169 2536 1211 2569 de
1234 2537 1333 2582 Castr.
1350 2539 1382 2570 in
1403 2536 1437 2570 d.
1453 2536 1476 2570 l.
1493 2550 1520 2571 1.
1539 2549 1622 2571 num.
1641 2538 1722 2583 3.ff.
1744 2537 1786 2572 de
1811 2551 1848 2572 eo
1872 2540 1958 2587 quod
1977 2552 2056 2576 cert.
2076 2541 2138 2577 loc.

1171 2586 1203 2620 ὃς
1228 2583 1306 2619 ideo
1335 2584 1500 2625 dicimus,
1528 2583 1626 2632 quod
1659 2584 1786 2621 solutio
1809 2585 1881 2622 fieri
1904 2587 2006 2622 debet
2029 2589 2060 2623 in
2086 2589 2139 2624 lo—

1170 2644 1213 2666 co
1232 2658 1241 2671 ,
1268 2633 1300 2666 in
1319 2645 1390 2680 qno
1417 2632 1460 2667 de
1481 2634 1554 2680 jure
1578 2632 1647 2679 peti
1673 2634 1782 2680 potest
1798 2661 1806 2675 ,
1841 2646 1880 2671 ut
1906 2635 2044 2671 secutus
2067 2636 2138 2673 surn

1159 2683 1266 2727 fitpra
1287 2693 1373 2715 num.
1397 2693 1475 2727 ¹75·
1498 2683 1584 2728 vers:
1606 2686 1705 2716 ratio.
1734 2682 1891 2731 hancque
1911 2685 2138 2720 extensionem

1170 2740 1267 2763 nemo
1291 2730 1547 2773 controvertit;
1584 2741 1690 2776 quare
1719 2733 1798 2766 er.
1828 2734 1926 2768 Paul.
1962 2733 2005 2767 de
2030 2734 2134 2779 Castr.

1169 2779 1241 2824 Jas.
1259 2777 1292 2812 &
1312 2777 1376 2810 alii
1392 2780 1425 2810 in
1447 2778 1480 2811 d.
1499 2779 1522 2811 l.
1545 2780 1622 2826 1.ffi
1651 2779 1692 2813 de
1709 2792 1744 2813 eo
1759 2780 1843 2826 quod
1860 2792 1940 2815 cert.
1958 2781 2018 2816 loc.
2047 2781 2136 2817 nulla

1169 2825 1201 2859 in
1227 2824 1296 2859 hoc
1322 2825 1466 2861 excitata
1490 2824 1692 2861 difficultate
1708 2854 1717 2868 ‚
1755 2828 1893 2863 traftant
1921 2828 2027 2866 solum
2045 2856 2055 2871 ‚
2094 2841 2136 2865 an

1167 2872 1266 2920 possit
1290 2873 1486 2914 conveniri,
1521 2873 1543 2907 fi
1566 2873 1608 2909 ibi
1633 2887 1701 2909 non
1732 2875 1835 2910 fuerit
1859 2888 2010 2923 repertus
2036 2903 2046 2918 ,
2075 2889 2135 2925 per

1167 2933 1206 2956 ea
1231 2933 1312 2968 qnae
1335 2920 1403 2954 dixi
1426 2923 1582 2969 nu.seq'q.
1607 2923 1639 2957 ὅ(
1660 2923 1752 2957 hunc
1771 2922 1836 2958 esse
1858 2924 1987 2966 casum,
2012 2924 2044 2959 in
2061 2937 2134 2973 quo

1167 2970 1243 3018 quis
1265 2969 1374 3015 potest
1400 2969 1529 3004 ratione
1548 2970 1722 3006 destinatae
1746 2970 1924 3007 solutionis
1943 2973 1975 3007 se
1996 2973 2135 3010 submit-

1167 3028 1237 3052 tere
1260 3015 1480 3064 jnrisdistioni
1514 3017 1649 3052 alterius
1677 3018 1829 3068 judicis,
1864 3020 1973 3068 scripsi
2005 3025 2037 3055 in
2064 3034 2133 3056 meo

1165 3067 1262 3101 irael.
1285 3065 1327 3099 de
1342 3065 1415 3108 jud.
1437 3067 1526 3116 causi
1552 3066 1609 3101 lib.
1632 3081 1659 3101 ι.
1680 3080 1709 3101 c.
1731 3070 1888 3116 10¹.sub
1911 3082 1942 3103 n.
1965 3081 2025 3115 30.
2043 3071 2133 3118 vers.

1156 3114 1352 3163 fisecundo.

1213 3159 1434 3196 Subextende
1463 3160 1570 3207 primo
1603 3162 1688 3197 hanc
1714 3163 1959 3205 extensionem,
1988 3176 2029 3200 ut
2052 3177 2130 3213 pro—
2146 3179 2214 3215 207

1165 3210 1265 3245 cedat
1283 3237 1291 3250 ,
1336 3208 1434 3243 etiam
1463 3209 1483 3242 si
1513 3210 1647 3246 debitor
1675 3223 1742 3245 non
1771 3212 1954 3256 reperiatur
1981 3213 2015 3247 in
2046 3214 2131 3250 loco,

1164 3257 1340 3293 deslinatae
1376 3255 1551 3292 solutionis
1580 3285 1589 3300 ,
1624 3259 1705 3306 quia
1735 3258 1950 3296 nihilominus
1986 3261 2054 3296 illic
2083 3263 2132 3297 ci-

1165 3305 1226 3342 tari
1259 3305 1400 3349 potest,
1431 3316 1507 3340 curn
1533 3306 1630 3341 etium
1658 3306 1689 3340 in
1716 3306 1946 3344 contruehbus
1966 3309 2004 3344 fit
2032 3310 2133 3346 locus

1165 3352 1352 3392 remiffioni,
1366 3353 1442 3388 Bal.
1459 3353 1525 3387 inl.
1537 3366 1569 3396 4.
1584 3366 1658 3389 cum
1672 3354 1949 3391 archimedoram.
1965 3359 2130 3404 n.6.vers.

1164 3403 1250 3437 unde
1266 3402 1350 3437 dico.
1370 3400 1404 3437 <²7
1420 3412 1450 3435 n.
1463 3413 1496 3448 7.
1511 3403 1546 3436 C.
1558 3413 1592 3436 ut
1608 3404 1639 3435 in
1652 3402 1726 3449 poff.
1743 3402 1842 3451 legat.
1860 3416 1963 3452 quem
1982 3406 2065 3440 alios
2081 3406 2130 3441 ci-

1165 3461 1234 3491 tat,
1259 3450 1292 3484 δε
1309 3443 1461 3496 sequitur
1483 3450 1552 3484 Rot.
1574 3449 1716 3484 Genuen.
1745 3450 1898 3497 decisione
1924 3455 2000 3489 161.
2019 3457 2128 3502 petiit.

1155 3498 1220 3547 suh
1239 3510 1270 3532 n.
1287 3498 1317 3530 6.
1332 3497 1367 3533 (7
1384 3508 1414 3543 7.

1213 3544 1423 3579 Contrariam
1440 3542 1633 3579 sententiam
1649 3543 1760 3578 tenuit
1777 3546 1859 3582 Bar.
1876 3549 1909 3582 in
1923 3547 1945 3583 l.
1957 3560 1983 3582 r.
2000 3552 2032 3582 in
2045 3547 2126 3592 fine,

1165 3592 1442 3640 n.5.·ve⁷fulrimo
1454 3592 1506 3625 hic
1514 3591 1555 3637 ff.
1568 3591 1610 3625 de
1623 3592 1756 3645 eotquod
1767 3606 1831 3628 cer.
1844 3596 1904 3630 loc.
1920 3595 2046 3636 dicens,
2060 3609 2128 3633 non

1167 3640 1232 3677 effe
1252 3639 1366 3676 locum
1390 3637 1566 3674 remissioni
1579 3665 1588 3680 ,
1605 3650 1685 3687 quia
1697 3639 1737 3722 ¹131
1734 3640 1811 3722 esset
1830 3642 1925 3678 locus
1943 3643 2130 3690 remislion'i,

1814 3702 1831 3735 3
2061 3705 2131 3728 non

2160 1237 2225 1275 205

2143 3567 2211 3602 208
