2400 3939
380 198 494 252 ‘494

373 265 553 298 animarum
566 290 576 304 ‚
591 271 694 310 prout
714 271 866 296 tenemur
878 288 887 299 ,
903 259 999 294 saluti
1015 254 1224 292 consulentes
1238 278 1247 292 ‚
1263 264 1302 287 ac
1350 279 1351 282 =

374 312 682 358 piarum.menttum
698 309 919 357 petitionibus
936 307 1033 342 etiam
1046 301 1300 352 satisfactentes,

375 369 442 394 tam
457 361 552 407 gravi
570 360 689 395 morbo
703 385 712 398 ,
731 357 936 404 letiferoque
956 364 1086 390 veneno
1102 351 1233 384 salutari
1246 361 1300 383 an-

374 406 494 448 tidoto
521 421 588 443 non
617 405 760 442 mederi:

423 455 503 491 Hac
516 457 621 503 igitur
634 455 742 490 nostra
755 450 1000 488 constitutione
1015 447 1209 486 statuimus,
1225 455 1301 497 cen-

375 501 446 538 sum
471 529 481 543 ,
505 504 560 538 seu
584 513 730 538 annuum
756 500 900 536 reditum
927 496 1030 532 creari
1057 522 1067 536 ,
1095 495 1301 530 constituive

375 551 471 586 nullo
493 552 597 586 modo
616 549 708 596 posse
722 573 731 586 ‚
752 548 809 582 nist
830 549 862 582 in
882 558 916 580 re
940 543 1124 583 immobili,
1145 553 1202 579 aut
1219 553 1301 589 quae

376 611 439 645 pro
460 599 619 634 immobili
643 598 806 631 habeatur
818 622 827 635 ,
844 595 887 630 de
904 594 949 628 sui
971 602 1086 627 natura
1107 591 1276 625 {subtilem
1289 615 1300 631 ,

376 647 413 682 ὅ(
434 658 514 693 quae
536 646 731 682 nominatim
750 645 865 679 certim
891 642 1012 676 finibus
1033 639 1201 687 defig'nata
1226 638 1274 674 fit.

425 694 565 730 Rursum
591 694 649 728 nisi
668 704 746 727 vere
766 693 799 726 in
821 690 965 739 pecunia
987 698 1157 723 numerata
1178 713 1188 728 ‚
1213 697 1300 732 pra:-

376 742 523 777 sentibus
535 742 679 779 ,testibus
693 767 703 782 ‚
723 752 762 776 ac
778 739 913 775 notario
927 765 936 779 ,
960 739 994 772 &
1011 737 1045 771 in
1064 735 1139 771 astu
1153 735 1298 769 celebra·

376 790 481 826 tionis
502 790 735 831 instrumenti,
757 800 827 823 non
843 798 955 823 autem
977 785 1068 833 prius
1090 795 1230 831 recepto
1253 783 1300 816 in·

376 848 476 884 tegro
498 866 508 879 ,
529 839 693 886 justoque
717 837 840 883 pretio.

425 881 626 924 Solutio'nes
641 913 650 928 ‚
670 897 755 933 quas
776 885 882 931 vulgo
900 882 1096 927 anticipata:
1111 878 1291 926 appellant,

375 933 449 973 fieri
467 963 477 978 ,
497 944 557 970 aut
578 935 610 969 in
633 935 763 981 paetum
792 933 918 967 deduci
944 930 1169 977 prohibemus.

429 983 686 1020 Conventiones
706 981 831 1016 dimite
849 1007 858 1022 ‚
883 989 941 1013 aut
965 976 1124 1012 indirefie
1147 975 1300 1021 obligan-

379 1043 431 1070 tes
453 1032 496 1068 ad
519 1030 612 1065 casus
632 1030 796 1065 fortuitos
817 1041 890 1062 eum
908 1055 917 1069 ,
943 1026 1002 1074 qui
1027 1025 1104 1059 alias
1125 1036 1164 1057 ex
1187 1034 1304 1058 natura

375 1080 573 1117 comraetus
608 1090 676 1113 non
711 1087 862 1113 teneatur
886 1103 896 1118 ‚
931 1074 1025 1109 nullo
1059 1073 1163 1107 modo
1198 1072 1305 1106 valete

372 1130 551 1165 volumus.

429 1174 728 1221 Quemadmodum
753 1185 816 1207 nec
833 1173 964 1219 pastum
981 1169 1136 1205 auferens
1150 1196 1158 1210 ,
1177 1180 1233 1205 aut
1254 1180 1306 1203 re·-

378 1225 543 1271 stringens
556 1222 750 1258 facultatem
767 1221 930 1256 alienandi
950 1231 1015 1253 rem
1035 1217 1147 1254 censui
1160 1218 1304 1263 suppost-

380 1283 448 1308 tam
462 1299 472 1314 ,
491 1272 572 1320 quia
591 1271 749 1305 volumus
765 1282 832 1304 rem
851 1269 951 1314 ipsam
972 1267 1117 1311 semper,
1141 1267 1174 1300 ὅ(
1192 1267 1305 1305 libere,

381 1333 422 1357 ac
444 1322 511 1356 fine
531 1319 699 1354 solutione
716 1317 868 1353 laudemii
885 1344 891 1357 ,
914 1316 967 1350 seu
989 1315 1279 1363 quinquagesimae
1293 1340 1303 1355 ,

382 1378 442 1404 aut
465 1370 602 1403 alterius
620 1366 819 1415 quantitatis
834 1393 843 1407 ,
863 1365 917 1399 vel
939 1365 983 1398 rei
1003 1376 1066 1399 tam
1083 1374 1168 1396 inter
1185 1363 1303 1402 vivos,

383 1429 486 1466 quam
507 1416 678 1451 inultima
701 1415 876 1449 voluntate
898 1413 1040 1447 alienari.
1215 1458 1221 1462 -

433 1465 502 1500 Ubi
523 1475 635 1499 autem
658 1463 832 1496 vendenda
857 1462 894 1495 lit
917 1488 926 1502 ‚
955 1461 1112 1494 volumus
1131 1458 1303 1492 dommum

382 1514 500 1549 census
520 1513 590 1546 aliis
616 1512 771 1546 omnibus
797 1510 944 1557 praelerri
960 1535 969 1549 ,
994 1511 1094 1554 elque
1118 1506 1305 1540 denuntiari

383 1561 600 1597 conditiones
615 1587 624 1601 ,
651 1559 776 1606 quibus
797 1558 972 1594 vendenda
999 1557 1036 1591 sit
1053 1585 1061 1598 ,
1082 1556 1114 1590 δι
1136 1566 1193 1601 per
1216 1566 1304 1587 men-

381 1610 447 1645 sem
468 1609 643 1655 expeRari.
682 1640 685 1644 .
1207 1647 1210 1651 ἡ

432 1657 532 1692 Pacta
545 1684 554 1698 ,
577 1656 783 1692 continentia
801 1654 967 1690 morosum
989 1653 1102 1688 census
1118 1652 1306 1686 debitorem

383 1705 490 1742 teneri
514 1704 556 1739 ad
577 1704 730 1739 interesse
754 1705 836 1739 lucri
861 1702 1014 1738 cessantis
1039 1728 1048 1741 ‚
1079 1701 1132 1736 vel
1151 1701 1193 1734 ad
1220 1713 1305 1734 cam-

382 1755 475 1791 bium
490 1779 500 1795 ,
520 1752 577 1787 seu
597 1764 704 1788 certas
724 1752 897 1799 expensas,
917 1762 976 1786 aut
989 1761 1079 1784 certa
1096 1748 1204 1783 saltria
1219 1775 1228 1788 ,
1247 1759 1306 1783 aut

383 1803 426 1838 ad
444 1801 576 1842 salaria,
601 1802 655 1836 seu
679 1801 834 1847 expensas
850 1799 961 1834 medio
984 1799 1176 1844 juramento
1198 1796 1316 1832 c1·etli-,

382 1851 467 1887 toris
487 1849 700 1898 liquidandas
715 1877 723 1890 ,
740 1860 797 1883 aut
812 1860 876 1882 rem
891 1846 1002 1881 censui
1022 1846 1196 1892 subjeslam
1213 1871 1222 1885 ,
1241 1845 1308 1878 five

381 1899 526 1946 aliquam
552 1899 626 1944 ejus
647 1908 770 1943 partem
790 1897 946 1931 amittere
964 1921 973 1935 ,
994 1905 1048 1930 aut
1072 1892 1163 1928 aliud
1188 1894 1242 1939 jus
1267 1904 1307 1927 ex

383 1948 506 1982 eodem
528 1946 707 1981 commeta
733 1973 742 1987 ,
766 1946 832 1979 sive
854 1944 990 1978 aliunde
1012 1942 1209 1989 acquisitum
1236 1952 1309 1986 per-

383 1995 464 2030 dere
487 2021 498 2035 ,
523 2004 581 2030 aut
604 1994 634 2027 in
660 1995 803 2040 aliquam
825 2004 957 2039 poenam
983 1992 1104 2026 cadere
1123 2016 1132 2030 ,
1163 2001 1203 2024 ex
1228 2000 1307 2024 toto

383 2043 476 2078 irrita
496 2043 558 2078 fint
573 2069 583 2083 ‚
606 2043 639 2076 ὅ(
665 2044 762 2078 nulla.

430 2090 510 2126 Imo
526 2091 559 2124 &
573 2090 706 2126 censum
722 2089 862 2137 augeri,
885 2089 917 2123 ὃς
938 2099 1066 2122 novum
1084 2086 1187 2121 creari
1208 2086 1309 2131 super

383 2139 500 2174 eadem
515 2165 525 2180 ‚
550 2139 602 2172 vel
621 2138 680 2172 alia
700 2151 734 2173 re
747 2139 778 2172 in
795 2137 942 2171 favorem
967 2135 1136 2181 ejusdem,
1153 2145 1211 2169 aut
1236 2146 1308 2181 per-

382 2189 477 2223 sonae
497 2198 557 2234 per
577 2198 651 2221 eum
675 2186 857 2233 suppositae
884 2196 945 2231 pro
972 2184 1123 2218 censibus
1149 2183 1309 2230 temporis

383 2236 439 2271 vel
456 2235 619 2281 praeteriti
636 2261 646 2276 ,
659 2235 713 2270 vel
729 2234 834 2268 futuri
854 2233 991 2268 omnino
1007 2232 1234 2278 prohibemus.

432 2283 543 2318 Sicuti
559 2283 656 2317 etiam
675 2283 882 2318 annullamus
899 2281 992 2327 pasta
1006 2306 1015 2319 ,
1030 2280 1239 2315 continentia
1260 2278 1309 2314 so-

383 2332 532 2368 lutiones
551 2343 690 2367 onerum
705 2332 747 2367 ad
768 2342 842 2364 eum
867 2328 1010 2376 {pestate
1023 2355 1033 2369 ,
1048 2330 1090 2364 ad
1107 2339 1209 2376 quem
1230 2327 1308 2361 alias

383 2380 429 2416 de
447 2381 523 2426 jure
537 2405 548 2421 ,
566 2380 600 2414 &
617 2391 656 2414 ex
679 2390 796 2414 natura
812 2378 1003 2413 contradus
1024 2389 1090 2411 non
1112 2376 1304 2423 speRarent.

433 2428 610 2464 Postremo
626 2427 744 2462 census
761 2439 875 2462 omnes
894 2426 927 2459 in
951 2424 1102 2459 futurum
1121 2424 1283 2458 creandos
1297 2449 1307 2465 ,

383 2487 453 2511 non
467 2475 571 2511 solum
592 2487 628 2509 re
644 2476 676 2510 in
697 2486 806 2510 totum
821 2501 831 2516 ,
850 2474 903 2508 vel
921 2486 984 2520 pro
1002 2484 1097 2519 parte
1110 2484 1280 2518 perempta
1298 2498 1308 2514 ‚

385 2535 445 2559 aut
468 2523 671 2558 infruetuosa
686 2525 719 2558 in
740 2534 850 2559 totum
869 2549 877 2563 ,
898 2522 948 2555 vel
967 2534 1028 2566 pro
1051 2532 1143 2568 parte
1163 2519 1277 2554 effesta
1299 2546 1309 2561 ‚

384 2572 545 2615 volumus
560 2573 603 2606 ad
619 2584 717 2607 ratam
733 2572 853 2617 perire,
875 2569 931 2604 sed
949 2569 1046 2604 etiam
1062 2568 1155 2616 polle
1171 2581 1232 2614 pro
1251 2580 1311 2602 eo-

384 2619 461 2655 dem
492 2621 602 2667 pretio
634 2620 785 2666 extingui
811 2646 821 2659 ,
850 2631 918 2654 non
949 2618 1102 2652 obstante
1135 2616 1311 2662 longiffimi

385 2668 484 2705 etiam
502 2669 666 2713 temporis
678 2695 687 2709 ,
705 2680 744 2702 ac
759 2666 1010 2702 immemorabili
1025 2692 1035 2706 ‚
1060 2667 1126 2700 imo
1143 2676 1280 2699 centum
1298 2691 1308 2705 ,

386 2717 422 2751 &
445 2716 589 2762 plurium
613 2728 775 2750 annorum
798 2713 1052 2760 praescriptione
1067 2740 1076 2753 ,
1094 2725 1162 2748 non
1180 2713 1312 2747 obstan-

385 2765 476 2800 tibus
493 2765 664 2811 aliquibus
679 2763 779 2810 paftis
794 2763 917 2796 direfite
932 2789 940 2801 ,
960 2773 1017 2797 aut
1040 2760 1200 2795 indireete
1215 2761 1311 2795 talem

385 2811 582 2852 facultatem
599 2811 827 2846 auferentibus
846 2837 855 2852 ‚
877 2809 1140 2857 quibuscunque
1168 2809 1278 2844 verbis
1299 2834 1310 2850 ‚

386 2870 447 2896 aut
468 2860 624 2896 clausulis
648 2870 816 2904 concepta
839 2860 908 2894 fint.
1208 2890 1210 2892 ,

438 2909 529 2944 Cum
554 2920 634 2944 vero
655 2908 837 2943 traditione
855 2908 953 2953 pretii
971 2906 1101 2941 reditus
1118 2905 1314 2950 extinguen-

387 2958 453 2995 'dus
469 2957 553 2998 erit,
573 2957 730 2992 volumus
742 2967 800 3002 per
817 2955 969 2990 bimestre
983 2965 1060 2989 ante
1073 2954 1107 2987 id
1126 2953 1312 2987 denuntiari

390 3007 421 3044 ei
445 3032 456 3047 ,
476 3005 533 3041 cui
552 3004 692 3050 pretium
716 3003 864 3038 dandum
887 3004 949 3038 erit
967 3005 1000 3038 δι
1019 3002 1093 3049 post
1111 3000 1314 3043 denuntiam,

388 3055 476 3089 intra
498 3064 619 3087 annum
644 3060 752 3087 tamen
766 3077 775 3092 ,
792 3051 889 3085 etiam
911 3054 952 3087 ab
972 3051 1080 3086 invito
1099 3048 1243 3095 pretium
1265 3060 1314 3083 re-

389 3103 461 3150 peti
483 3100 576 3148 posse
598 3101 632 3134 δε
650 3100 706 3134 ubi
723 3098 865 3144 pretium
885 3111 947 3134 nec
971 3099 1087 3135 volens
1112 3098 1195 3132 intra
1214 3096 1316 3130 bime-

389 3151 455 3185 stre
476 3149 582 3184 solvat
597 3174 606 3187 ,
626 3160 686 3182 nec
708 3149 748 3181 ab
764 3147 872 3182 invito
894 3148 979 3182 intra
999 3158 1122 3181 annum
1137 3145 1289 3190 exigatur
1304 3172 1315 3187 ,

393 3199 552 3234 volu-mus
571 3196 785 3230 nihilominus
807 3196 1085 3242 quandocunque
1104 3193 1247 3227 reditum
1264 3205 1317 3227 ex-

338 3275 340 3277 ,
390 3246 503 3293 tingui
527 3243 622 3290 posse
635 3269 644 3283 ‚
666 3243 791 3290 praevia
813 3254 918 3276 tamen
932 3242 1060 3289 semper
1075 3240 1234 3277 denuntia
1248 3267 1258 3282 ,
1274 3241 1318 3276 de

391 3306 460 3344 qua
475 3294 571 3338 supra
589 3305 596 3327 :
616 3292 649 3326 ὅ(
666 3303 734 3325 non
756 3290 963 3325 obstantibus
979 3291 1029 3324 liis
1041 3317 1050 3331 ‚
1073 3290 1116 3324 de
1129 3288 1254 3336 quibus
1266 3286 1316 3324 su'-

391 3354 452 3389 pra
475 3368 485 3383 ,
520 3341 626 3388 idque
657 3338 822 3375 observari
847 3339 1038 3373 mandamus
1057 3364 1066 3379 ,
1092 3337 1188 3373 etiam
1220 3337 1317 3384 quod

392 3390 516 3436 pluries
530 3415 540 3430 ‚
564 3400 604 3423 ac
624 3389 738 3434 plures
756 3386 987 3422 denuntiatum
1008 3385 1121 3421 fuisset
1141 3410 1152 3426 ,
1173 3395 1235 3418 nec
1256 3396 1318 3419 un-

392 3448 494 3485 quam
516 3435 654 3471 effeetus
684 3435 819 3473 secutus
842 3431 967 3469 fuisset.

442 3485 541 3519 Pacta
552 3482 872 3524 etiam,continentia
882 3483 1024 3527 pretium
1036 3481 1152 3516 census
1163 3490 1254 3514 extra
1265 3493 1316 3515 ca-

393 3531 464 3568 sum
479 3531 674 3578 praedictum
689 3531 729 3564 ab
746 3530 868 3569 invito,
883 3541 940 3565 aut
958 3533 1003 3566 ob
1022 3541 1155 3576 poenam
1172 3555 1181 3569 ‚
1197 3540 1254 3563 aut
1273 3529 1319 3563 ob

392 3581 487 3616 aliam
511 3578 639 3612 causam
661 3577 764 3622 repeti
790 3575 905 3622 polle,
927 3577 1064 3613 omnino
1086 3576 1316 3623 prohibemus.

439 3625 712 3673 Comraftusque
727 3626 784 3660 sub
797 3624 858 3658 alia
873 3624 978 3661 forma
994 3626 1065 3674 pofl
1073 3626 1134 3661 hac
1150 3625 1319 3660 celebran-

389 3676 455 3714 dos
476 3673 702 3713 soeneratitios
722 3672 926 3719 Judicamus.

719 165 1077 255 sigismundi
1105 165 1352 241 Scaceiae'
1369 165 1575 227 Traeis.
1599 166 1671 227 de
1693 169 2004 239 Comm‘en

1401 255 1446 289 Et
1462 255 1506 290 ita
1523 254 1583 288 illis
1598 265 1774 301 propterea
1792 266 1859 288 non
1872 255 2089 298 obstantibus,
2102 256 2269 305 quicquid

1352 303 1406 338 vel
1430 302 1597 348 expresse,
1617 307 1669 338 vel
1697 301 1935 338 tacitecomra
1955 303 2028 341 liaec
2050 309 2158 340 nostra
2180 319 2269 341 man-

1350 351 1426 385 data
1458 352 1527 386 dari
1553 377 1562 392 ,
1586 350 1709 386 remitti
1739 376 1748 391 ‚
1780 361 1835 384 aut
1860 352 1982 385 dimitti
2012 353 2190 400 contingat
2212 381 2222 395 ‚
2247 355 2268 389 ὲ

1346 398 1448 434 Fisco
1471 399 1627 434 volumus
1654 396 1746 444 posse
1764 397 1942 432 vendicari.
1973 400 2072 434 Hanc
2097 413 2206 437 autem
2222 402 2266 437 sa-

1349 444 1513 483 lu:?feram
1548 446 1745 481 sanctionem
1782 446 1904 481 nedum
1934 446 1966 480 in
2001 448 2100 482 censu
2134 451 2269 485 noviter

1350 495 1498 530 creando
1520 521 1529 535 ,
1569 506 1684 529 verum
1719 493 1816 528 etiam
1844 494 1875 527 in
1908 506 2023 530 creato
2057 507 2269 546 quocunque

1349 553 1500 588 tempore
1531 543 1706 577 alienando
1728 568 1739 583 ‚
1770 542 1873 586 modo
1904 544 1978 589 post
2007 545 2267 590 publicationem

1349 591 1602 627 constitutionis
1618 601 1750 626 creatus
1777 590 1814 624 fit
1829 616 1840 633 ,
1863 601 2032 638 perpetuo
2055 594 2088 628 ὃς
2111 592 2144 628 in
2161 595 2266 628 omni-

1348 639 1410 673 bus
1433 639 1550 686 servari
1572 639 1740 674 volumus.
2194 678 2196 680 v

1397 687 1615 724 Declarantes
1631 687 1770 732 pretium
1791 686 1887 721 semel
1908 685 2018 722 censui
2041 687 2264 725 constitutum

1348 747 1518 783 nunquam
1532 734 1626 782 polle
1639 736 1686 769 ob
1700 746 1902 780 temporum,
1921 746 1980 770 aut
1993 737 2265 773 contrahentium

1348 784 1542 831 qualitatem
1558 809 1567 823 ,
1582 782 1638 817 seu
1659 781 1749 817 aliud
1769 782 1946 824 accidens,
1965 795 2030 818 nec
2055 785 2172 832 quoad
2189 786 2266 822 ulti-

1350 844 1423 867 mos
1446 831 1682 867 contrahentes
1703 831 1819 873 minui,
1843 832 1896 866 vel
1916 832 2044 879 augeri.

1399 880 1445 916 Et
1473 879 1550 914 iicet
1577 880 1685 926 legem
1703 879 1802 925 ipsam
1819 880 1860 914 ad
1881 881 2073 916 contrastus
2091 883 2155 929 jam
2179 883 2267 918 cele·
2354 907 2356 911 ν

1343 927 1465 965 ’διἀῑος
1487 940 1555 962 non
1575 928 1791 963 extendamus
1814 953 1824 968 ,
1844 928 1919 962 illos
1940 940 2047 963 tamen
2071 942 2211 972 omnes,
2235 933 2269 966 in

1350 989 1441 1025 quos
1472 976 1530 1009 sub
1550 976 1610 1010 alia
1633 975 1738 1011 forma
1755 987 1980 1021 pervenerunt
2009 977 2125 1012 census
2153 979 2271 1014 horta·
2319 1003 2322 1010 ·
2360 1012 2361 1015 ,

1353 1037 1427 1059 mur
1447 1025 1479 1059 in
1496 1024 1649 1059 Domino
1665 1050 1674 1064 ,
1698 1034 1736 1059 ut
1756 1024 1902 1068 fingulos
1915 1024 2109 1059 contraffitus'
2123 1026 2272 1063 censura!
2321 1027 2323 1030 ”

1353 1075 1520 1109 bonorum
1543 1071 1775 1119 religiosorum
1798 1071 1976 1118 subjiciant
1992 1099 2002 1114 ‚
2031 1073 2065 1113 δὲ
2090 1075 2269 1114 animarum

1354 1123 1447 1156 saluti
1476 1119 1662 1155 consulant.
2258 1141 2266 1148 ·

1403 1170 1486 1204 Non
1507 1169 1716 1203 obstantibus
1732 1167 1904 1214 quibusvis
1914 1168 2220 1212 constitutionibus,
2236 1171 2273 1205 δε

1356 1217 1624 1253 ordinationibus
1640 1217 1866 1264 Apostoficzsn
1880 1214 2031 1258 statutis,
2047 1219 2080 1253 ὃς
2092 1219 2269 1255 consuetu-

1354 1267 1488 1300 dinibus
1502 1291 1511 1305 ,
1534 1276 1663 1299 necnon
1685 1265 1867 1346 privilegiis
1879 1291 1889 1305 ‚
1914 1267 1947 1300 ὅ(
1966 1266 2082 1300 litteris
2098 1267 2196 1301 eiiam
2213 1278 2270 1314 per

1353 1314 1581 1362 quoscunque
1606 1313 1778 1347 Romanos
1831 1313 1984 1348 ontifices
2014 1314 2272 1359 praedecessores

1355 1362 1487 1397 nostros
1501 1372 1539 1395 ac
1555 1361 1652 1396 etiam
1668 1373 1729 1395 nos
1745 1359 1804 1394 sub
1819 1361 2079 1408 quibuscunque
2101 1363 2272 1398 tenoribus

1355 1412 1390 1446 &
1409 1410 1523 1445 formis
1534 1435 1544 1450 ,
1564 1421 1602 1443 ac
1617 1421 1694 1444 cum
1709 1409 1881 1457 quibusvis
1895 1409 2047 1444 clausulis
2063 1410 2160 1453 etiam
2174 1410 2272 1446 dero·

1355 1459 1560 1506 gatoriarum
1585 1457 1810 1504 derogatoriis
1826 1484 1835 1498 ,
1855 1469 1985 1492 necnon
2000 1458 2206 1493 irritantibus
2216 1461 2273 1494 de-

1356 1506 1457 1542 cretis
1472 1533 1481 1546 ,
1505 1517 1545 1540 ex
1571 1506 1691 1553 quavis
1716 1505 1812 1541 causa
1835 1506 1932 1541 etiam
1950 1517 2009 1551 per
2027 1506 2161 1542 modum
2188 1507 2274 1554 legis
2317 1544 2319 1548 Α
2370 1504 2372 1519 ³

1355 1554 1568 1594 universalis,
1592 1565 1648 1588 aut
1675 1553 1753 1587 alias
1774 1554 2034 1602 quomodolibet
2055 1554 2153 1590 editis
2170 1581 2180 1595 ‚
2206 1556 2274 1590 sive

1354 1603 1386 1637 in
1402 1602 1550 1638 savorem
1567 1601 1814 1638 universitatum
1827 1628 1835 1643 ‚
1852 1603 2130 1638 communitatum
2146 1629 2155 1642 ,
2169 1603 2272 1638 colle·

1354 1652 1509 1699 giorum,
1538 1650 1867 1697 congregationum,
1894 1649 2068 1686 civitatum
2083 1677 2092 1692 ,
2117 1652 2150 1686 ὅ(
2174 1651 2273 1686 loco-

1355 1711 1425 1734 rum
1442 1697 1612 1739 conceffis,
1624 1699 1827 1744 approbatis,
1840 1700 1872 1732 δε
1886 1698 2193 1746 innovatis,quibus
2204 1711 2274 1734 om-

1355 1749 1452 1782 nibus
1463 1775 1472 1788 ,
1487 1748 1519 1782 ὃ(
1533 1746 1670 1793 singulis
1683 1746 1814 1781 illorum
1833 1757 1965 1780 tenores
1979 1747 2198 1792 praesentibus
2212 1759 2274 1794 pro

1357 1795 1509 1843 expreffis
1530 1795 1708 1835 habentes,
1728 1805 1894 1841 quatenus
1912 1793 2036 1829 direste
2049 1822 2058 1836 ,
2082 1796 2135 1830 vel
2152 1795 2273 1830 indire-

1357 1844 1408 1879 &e
1427 1842 1580 1890 praesemi
1602 1842 1724 1878 nostrae
1745 1843 2028 1879 conslitutioniin
2051 1854 2151 1885 toto,
2173 1844 2226 1879 vel
2240 1844 2273 1877 in

1358 1903 1452 1939 parte
1468 1891 1714 1927 contrarientur
1725 1917 1734 1931 ,
1749 1890 1933 1936 specialiter
1946 1917 1956 1932 ‚
1974 1891 2007 1926 &
2019 1891 2162 1936 expresse
2177 1893 2277 1928 dero·

1357 1952 1475 1987 gamus
1489 1967 1499 1982 ,
1524 1938 1724 1987 caeterisque
1742 1939 1919 1973 contrariis
1938 1939 2210 1988 quibuscunque.

1407 1989 1580 2024 Volumus
1601 1998 1709 2022 autem
1725 2014 1734 2028 ,
1751 1987 1848 2032 quod
1864 1987 2043 2034 praesentes
2057 1988 2089 2022 in
2103 1984 2278 2022 cancelta-

1358 2037 1405 2071 ria
1420 2063 1429 2076 ‚
1448 2038 1481 2072 ὃς
1500 2036 1574 2070 acie
1595 2035 1714 2081 Campi
1738 2035 1854 2070 Florae
1874 2036 2110 2082 publicentur,
2135 2037 2168 2070 &
2191 2033 2279 2071 inter³

1358 2085 1619 2120 constitutiones
1648 2094 1901 2129 extravagantes
1925 2094 2092 2131 perpetuo
2121 2086 2278 2121 valituras

1358 2133 1620 2167 conscribantur.

1407 2180 1454 2217 Et
1466 2180 1545 2230 quia
1557 2180 1692 2215 difficile
1703 2180 1791 2216 foret
1803 2179 1983 2226 praesentes
1995 2181 2036 2215 ad
2047 2180 2172 2226 singula
2184 2191 2279 2228 quae-

1358 2240 1426 2277 que
1442 2229 1517 2264 loca
1535 2229 1678 2269 deferri,
1698 2230 1874 2270 volumus,
1892 2230 1926 2263 &
1944 2228 2042 2265 etiam
2061 2229 2278 2271 declaramus,

1358 2276 1587 2325 quod'earum
1617 2277 1826 2324 transumptis
1847 2277 1945 2312 etiam
1967 2276 2122 2323 impressis
2143 2303 2153 2317 ‚
2181 2289 2280 2313 manu

1357 2326 1502 2372 alicujus
1515 2326 1651 2360 Notarii
1665 2325 1794 2372 publici
1812 2324 2001 2372 subscriptis
2014 2351 2024 2366 ‚
2042 2336 2082 2360 ac
2097 2325 2204 2369 figino
2222 2325 2280 2360 ali·

1359 2375 1460 2419 cujus
1484 2374 1617 2409 Praelati
1641 2374 1778 2408 munitis
1793 2400 1802 2414 ,
1822 2374 1936 2408 eadem
1957 2372 2089 2419 prorsus
2105 2373 2189 2407 fides
2206 2375 2281 2408 ubi-

1360 2433 1430 2469 que
1452 2422 1653 2456 adhibeatur
1669 2448 1678 2463 ‚
1699 2434 1778 2470 quae
1796 2421 2014 2469 praesennbus
2033 2418 2252 2457 adhiberetur
2269 2447 2280 2466 ,

1359 2471 1384 2504 si
1407 2471 1518 2505 forent
1543 2470 1705 2505 exhibitae
1731 2470 1783 2504 vel
1806 2468 1957 2504 ostensae.
1990 2501 1996 2506 .
2028 2485 2031 2492 ¹
2193 2481 2198 2487 ·

1409 2519 1505 2554 Nulli
1529 2530 1612 2564 ergo
1631 2517 1768 2553 omnino
1787 2517 1959 2552 hominum
1975 2517 2072 2552 liceat
2085 2517 2169 2552 hanc
2190 2518 2280 2564 pagi-

1357 2579 1431 2601 nam
1454 2566 1580 2602 nostrae
1599 2565 1847 2611 prohibitionis,
1869 2565 2102 2601 annullationis
2115 2592 2125 2608 ‚
2141 2564 2280 2609 statuti,

1361 2615 1529 2656 mandati,
1547 2615 1667 2661 judicii
1682 2641 1691 2655 ‚
1709 2613 1909 2649 hortationis
1922 2639 1932 2653 ,
1956 2613 2205 2661 derogationis,
2222 2615 2280 2650 de-

1361 2663 1551 2698 clarationis
1564 2690 1574 2703 ,
1599 2664 1633 2698 ὅ(
1649 2662 1831 2697 voluntatis
1845 2660 2026 2708 infringere
2040 2687 2051 2702 ,
2071 2662 2124 2696 vel
2146 2661 2176 2696 ei
2199 2661 2280 2697 ausu

1361 2711 1535 2746 temerario
1559 2712 1747 2745 contraires
1767 2710 1803 2744 Si
1823 2710 1899 2756 quis
1913 2720 2022 2746 autem
2038 2710 2282 2745 hoc-attentare

1362 2758 1624 2806 praesumpserit,
1651 2758 1915 2806 indignationem
1932 2758 2173 2804 omnipotentis
2189 2758 2280 2798 Dei,

1362 2818 1402 2840 ac
1424 2807 1600 2841 beatorum
1622 2806 1713 2840 Petri
1733 2809 1765 2842 ὃς
1784 2806 1878 2840 Pauli
1895 2806 2144 2851 Apostolorum
2161 2805 2236 2851 ejus
2250 2806 2282 2840 se

1361 2855 1492 2890 noverit
1505 2855 1724 2889 incursurum.
1749 2855 1876 2891 Datum
1892 2851 2016 2889 Romae
2031 2853 2122 2900 apud
2138 2852 2283 2888 sanstum

1366 2903 1502 2937 Petrum
1522 2914 1618 2938 anno⁴
1632 2901 1880 2938 Incarnationis
1911 2902 2105 2937 Dominicae
2123 2927 2132 2942 ‚
2153 2901 2284 2936 millesi-

1361 2963 1417 2986 mo
1435 2951 1701 2998 quingentesimo
1715 2949 1912 2996 sexagesimo
1927 2950 2061 2989 ostavo,
2077 2949 2282 2997 quatuorde-

1362 2998 1452 3033 cimo
1487 2999 1657 3033 Kalendas
1689 2997 1861 3033 Februarii
1887 3023 1898 3041 ,
1930 2997 2152 3033 Pontificatus
2178 2996 2282 3034 nostri

1362 3058 1452 3082 anno
1481 3058 1617 3095 quarto.

1412 3147 1592 3179 Damnatio
1617 3169 1627 3186 ‚
1655 3143 1690 3180 &³
1715 3144 1897 3192 reprobatio
1917 3142 2099 3190 pastionum
2123 3144 2156 3176 in
2172 3141 2279 3189 sbrie-

1364 3193 1487 3226 tatibus
1505 3192 1765 3239 apponendarum
1778 3220 1789 3234 ‚
1807 3192 1963 3240 capitalis
1969 3193 2186 3237 securitatem
2198 3215 2208 3230 ,
2221 3198 2281 3224 aue

1363 3241 1447 3275 lucri
1477 3243 1601 3274 nomine
1626 3267 1636 3281 ,
1664 3252 1788 3275 certam
1809 3239 2030 3287 responstonem
2052 3265 2063 3280 ,
2085 3249 2143 3273 aut
2163 3240 2279 3285 usura-

1365 3292 1451 3323 riam
1468 3291 1674 3336 pravitatem
1697 3291 1812 3335 q'uovis
1830 3288 1923 3322 modo
1944 3288 2181 3323 continentium.

1365 3383 1428 3481 S
1443 3383 1539 3419 Ixtus
1549 3382 1738 3431 Episcopus
1748 3383 1859 3419 servus
1870 3381 2007 3418 servorfi
2016 3379 2157 3416 Dei.Ad
2167 3392 2283 3427 perpe·-

1444 3435 1502 3466 tufi
1518 3433 1563 3466 rei
1579 3429 2002 3466 memoriam.Detestabilis
2015 3428 2284 3474 avaritiaeinglu-

1369 3481 1487 3520 vies,&
1499 3479 1685 3517 insatiabilis
1700 3479 1829 3514 lucradi
1843 3476 2154 3525 cupiditas‚malorfi
2169 3478 2283 3512 omniu

1367 3526 1549 3573 radix;usq;
1562 3528 1648 3562 adeo
1663 3537 1813 3562 excaecat
1827 3525 1981 3562 mortalifi
1995 3534 2130 3564 mentes,
2141 3534 2179 3558 ut
2191 3526 2286 3560 multi

1370 3574 1464 3610 nimis
1478 3576 1577 3610 avide
1590 3575 1687 3609 lucro
1700 3574 1884 3616 inhiantes,
1897 3574 1929 3607 in
1945 3574 2096 3619 laqueos,
2112 3573 2146 3606 ὅ(
2161 3571 2288 3609 insidias

1369 3623 1493 3657 diaboli
1511 3621 1786 3657 misereincidant
1803 3618 2115 3668 irrepit.n.versute,
2126 3623 2159 3656 &
2171 3621 2289 3656 callide

1372 3671 1535 3718 antiquus
1557 3670 1694 3706 humani
1712 3670 1843 3717 generis
1862 3667 1966 3704 hostis
1988 3678 2045 3714 per
2065 3668 2178 3704 varios
2190 3668 2291 3703 dolos
2313 3671 2317 3674 ’

2181 3717 2215 3751 &
2234 3716 2292 3751 sal-
