2400 3939
242 210 353 278 428

239 297 415 345 prohibita
439 298 538 334 etiam
559 297 622 332 sub
649 309 750 344 pcena
773 296 962 344 perflatur.
984 296 1042 329 lib.
1057 304 1097 344 4⁰*
1112 305 1141 326 c.
1163 303 1213 337 17.
1320 339 1326 344 .
1358 339 1362 344 ¹
1546 339 1552 344 .
1633 340 1640 345 .
1722 340 1726 344 1
1813 338 1819 343 ·

242 349 275 393 §.
292 360 352 381 non
364 346 475 394 poffim
484 347 566 391 fieri
579 345 827 394 superfusum,
855 345 889 379 &
912 344 1054 393 demum.
1066 341 1146 373 hinc
1164 350 1218 394 ext
1269 340 1291 374 fi
1319 339 1409 373 illinc
1421 351 1443 386 p
1455 351 1608 374 ecuniam
1631 351 1664 374 m
1679 338 1876 392 Hispaniam
1895 337 2059 377 reducere
2082 338 2236 393 debeat,

245 406 294 429 tat
317 398 481 441 vulgare,
510 397 544 430 ὃς
574 406 607 428 in
630 406 691 428 ore
722 392 874 428 omniurn
893 392 1134 437 proverbium:
1162 387 1216 421 chi
1270 398 1348 422 cum
1374 396 1484 422 tamen
1508 399 1543 422 re
1569 399 1647 423 vera
1668 388 1791 423 nobilis
1817 387 1875 421 ille
1905 386 2027 422 nullam
2047 387 2172 424 ,babeat
2197 400 2230 422 in

245 456 304 478 non
319 442 454 483 arrisicc‘z
465 470 475 485 ‚
491 456 549 478 non
557 442 724 492 guadava
741 443 816 488 :qui
827 452 890 474 non
904 438 1136 486 periclitatur,
1150 447 1211 469 non

196 545 237 581 ¹5

211 627 218 644 Ι
235 630 240 640 ι

207 1066 248 1101 16

255 492 418 527 lucratur.

306 539 424 580 Sexto,
441 539 523 586 quia
541 549 579 573 ex
594 537 745 573 evidenti
763 536 947 572 litterarum
962 533 1099 568 fifflone
1111 531 1219 577 sequi-

259 596 315 622 tur
328 586 516 622 necessario
531 588 684 626 siccitas,
706 596 789 632 quae
807 584 913 619 inficit
934 583 1100 617 cambium
1114 605 1125 621 ,
1147 589 1220 613 tum

258 647 297 669 ex
319 635 370 671 Pii
395 635 442 671 V.
465 635 734 675 constitutione,
758 645 857 680 quam
878 632 980 666 habes
1000 631 1077 677 infr.
1095 629 1219 674 §.9.n.

257 695 312 729 5²·
337 694 409 718 tum
429 695 467 717 ex
485 683 706 730 dispofitione
723 682 806 730 juris
822 692 902 716 ante
922 680 971 714 Pii
987 679 1035 712 V.
1057 676 1221 711 constitu-

256 732 383 768 tionem
398 758 407 771 ‚
428 734 481 768 .Ῑο.
495 731 537 765 de
552 734 664 767 Anan.
681 733 713 764 in
729 744 758 764 c.
773 730 835 764 ult.
854 727 1044 777 navig.fi1b.
1055 727 1161 766 ·n.46.
1180 722 1223 756 de

256 782 341 827 astar.
355 781 388 815 δε
405 779 460 813 alii
481 779 726 820 communiter,
743 778 823 824 qui,
840 778 919 811 dum
933 776 1121 826 admittunt
1136 783 1222 804 cam-

256 830 368 868 bium,
401 827 583 862 anneQunt
613 827 700 861 lianc
729 825 1070 865 limitationem‚.nisi
1098 821 1223 871 litterae

260 875 380 911 cambii
399 875 502 911 essent
528 875 680 916 fictitiae,
707 876 741 909 ὃς
759 875 791 908 in
811 873 967 908 fraudem
995 871 1094 905 faetae
1108 895 1116 910 ,
1145 879 1226 915 quia

262 936 344 958 vere
359 924 462 960 essent
479 925 605 960 litterae
625 924 734 957 mutui
750 935 762 965 ·‚
791 923 822 956 ὅ(
842 921 930 955 issud
947 947 956 961 ,
981 919 1093 966 inquit
1110 919 1164 953 .Ῑο.
1185 915 1228 968 de

263 975 382 1008 Anan.
406 973 462 1007 ubi
485 975 561 1020 sup.
590 972 638 1007 est
658 972 802 1006 multum
828 969 1084 1016 ponderandum
1103 990 1113 1006 ,
1147 976 1228 1012 quia

264 1021 425 1069 quotidie
440 1021 644 1068 prasticatur
661 1019 844 1054 Bononiae.
1043 1063 1048 1067 Ι

313 1069 359 1105 Et
377 1081 471 1104 certe
485 1069 652 1103 cambium
672 1067 762 1101 istud
781 1093 791 1107 ,
821 1066 854 1100 in
869 1077 941 1113 quo
960 1075 1071 1099 omnia
1089 1061 1228 1112 fingun-

264 1128 339 1159 tur,
369 1116 604 1152 Romanorum
625 1115 769 1162 speetata
792 1114 901 1154 fides,
930 1124 1012 1160 quae
1034 1113 1231 1145 sinceritatis

263 1166 312 1200 est
339 1166 462 1200 cultrix
478 1191 488 1207 ,
514 1177 584 1200 non
601 1163 699 1199 facile
715 1163 932 1198 admitteret:
965 1173 1040 1194 nam
1065 1171 1142 1193 cum
1157 1157 1232 1205 post

263 1213 472 1249 Cannensem
498 1225 652 1260 pugnam
679 1211 851 1247 Hannibal
875 1223 915 1245 ex
937 1209 1081 1255 captivis
1105 1207 1233 1241 Roma-

263 1262 336 1303 nis‚
363 1273 456 1309 quos
478 1261 654 1296 detinebat
675 1260 794 1295 decem
820 1259 948 1306 juratos
969 1258 1011 1291 ad
1040 1257 1233 1290 Romanum

265 1310 428 1345 Senatum
448 1308 581 1344 misisset
600 1335 608 1350 ‚
636 1309 669 1343 in
692 1309 796 1343 castra
815 1307 1005 1348 redituros,
1037 1304 1094 1339 nili
1117 1303 1160 1338 de
1181 1314 1230 1336 re-

212 1370 219 1378 *
265 1357 433 1393 diruendis
467 1356 612 1404 captivis
641 1355 894 1403 impetrassent,
935 1365 1087 1401 cumque
1116 1349 1232 1399 egressi

218 2039 260 2078 ¹7

265 1407 379 1441 eastris
404 1406 508 1441 essent
522 1433 531 1445 ,
556 1407 591 1441 δι
608 1417 695 1440 unus
713 1417 753 1439 ex
776 1405 813 1438 iir
839 1403 973 1438 minime
996 1403 1141 1436 Romani
1159 1403 1176 1446 (
1193 1409 1231 1434 ut

266 1455 350 1489 dicit
368 1454 517 1502 Livius)
531 1454 675 1500 ingenii,
698 1453 806 1487 veluti
823 1452 953 1500 aliquid
975 1451 1007 1484 in
1023 1450 1135 1484 castris
1151 1447 1231 1498 eilet

267 1503 418 1544 oblitus,
446 1504 479 1536 in
499 1504 603 1537 casira
635 1500 805 1542 rediisset,
832 1499 1050 1549 jurisjurandi
1081 1496 1233 1551 solvendi

268 1552 364 1585 causa
381 1579 389 1592 ‚
415 1552 449 1585 δε
478 1550 653 1585 confestim
679 1549 825 1585 comites
849 1549 988 1582 securus
1015 1546 1117 1588 esset3
1155 1546 1186 1578 ἃ
1209 1556 1232 1595 a

268 1599 396 1634 Senatu
417 1612 451 1634 re
470 1611 538 1634 non
559 1599 755 1646 impetrata,
781 1597 899 1632 caetesi
919 1597 951 1631 in
977 1597 1079 1630 callra
1101 1594 1233 1628 Hanni-

271 1647 356 1682 balis
385 1647 580 1687 rediissent,
608 1647 702 1694 isque
728 1646 867 1681 domum
893 1644 1044 1684 abiillet,
1073 1653 1234 1689 tanquam

270 1694 379 1730 fallaci
408 1696 440 1730 in
462 1696 566 1730 castra
589 1697 701 1731 reditu
720 1693 752 1728 se
775 1692 1000 1742 jurejurando
1032 1690 1206 1741 exolx·islet
1224 1715 1234 1729 ,

272 1755 339 1778 nec
368 1745 490 1778 iterum
518 1743 627 1778 redire
649 1754 844 1783 teneretur,
889 1742 1032 1776 Senatus
1052 1766 1061 1781 ,
1097 1751 1173 1772 cum
1200 1737 1234 1771 id

271 1792 430 1834 rescivit,
454 1792 606 1832 censuit,
629 1804 703 1827 eum
724 1788 1103 1836 comprehendendum,
1126 1788 1159 1821 ὅ(
1176 1798 1235 1820 cu-

271 1840 431 1876 ssodibus
454 1840 589 1888 publice
606 1840 714 1882 datis,
739 1841 783 1874 ad
809 1838 1032 1872 Hannibalem
1061 1835 1236 1869 deducem-

272 1887 377 1933 dum;
404 1900 442 1925 ut
457 1890 545 1930 hoc,
574 1889 608 1924 ὅ(
625 1889 718 1923 aliud
734 1886 838 1921 fimile
856 1886 968 1921 ficium
985 1912 993 1926 ,
1014 1886 1047 1919 δε
1077 1884 1173 1918 fallax
1189 1894 1239 1917 re-

270 1936 387 1972 censui
415 1941 447 1972 in
461 1949 528 1971 meo
547 1938 643 1972 ιναὲῗ.
666 1937 709 1971 de
722 1936 828 1980 judic.
847 1938 936 1984 casrf.
960 1935 1019 1969 lib.
1035 1946 1066 1966 2.
1085 1947 1113 1967 c.
1126 1945 1160 1977 9.
1174 1931 1239 1980 sub

271 1996 305 2019 n.
322 1986 404 2033 845.
427 1989 460 2020 in
476 1988 592 2032 fertura
605 1985 810 2033 impreffione,
1057 2028 1064 2033 Ω
1143 2028 1149 2033 .

330 2034 486 2081 Septimo
501 2060 510 2075 ,
526 2034 604 2080 quia
622 2034 656 2068 in
670 2034 732 2068 islo
751 2031 886 2066 cambio
909 2040 1124 2065 convertitur
1141 2040 1242 2064 inter-

277 2081 344 2117 esse
365 2083 398 2116 in
422 2082 588 2129 capitale,
624 2084 658 2116 ὃς
687 2081 734 2116 fic
751 2092 791 2114 ex
819 2080 878 2114 illo
901 2078 1057 2113 interesse
1083 2077 1242 2124 procedit

277 2129 370 2165 aliud
388 2129 542 2165 interesse
567 2142 626 2176 per
646 2130 786 2164 modum
804 2126 1092 2175 superfoetationis
1119 2129 1151 2161 &
1166 2139 1240 2161 ana-

278 2178 412 2213 tocismi
426 2205 435 2220 ,
463 2178 524 2225 qui
538 2180 584 2213 est
604 2180 802 2224 reprobatus
819 2175 839 2210 a
861 2179 961 2225 jure„
979 2186 1017 2210 ut
1037 2174 1108 2209 dixi
1123 2177 1241 2223 §.sep

278 2227 364 2275 gl.2.
379 2239 470 2272 n.39.
487 2227 522 2265 ό
539 2239 596 2269 40.
609 2229 695 2274 vers
712 2236 835 2261 contra.

221 2267 267 2303 ¹3
330 2275 487 2317 Ofilavo,
506 2277 586 2323 quia
605 2275 774 2310 cambium
794 2272 881 2307 reale
892 2272 996 2307 debet
1011 2271 1084 2307 fieri
1100 2284 1163 2320 pro
1173 2283 1243 2307 uno

280 2323 363 2358 loco
375 2324 418 2357 ad
435 2324 548 2365 alium,
567 2324 648 2358 alias
665 2323 685 2357 fi
701 2322 761 2357 fiat
781 2335 843 2368 pro
862 2321 983 2355 eodem
999 2321 1101 2362 loco,
1121 2321 1167 2355 est
1182 2321 1246 2355 sic-

280 2383 359 2407 cum
378 2373 412 2406 &
433 2372 625 2407 damnatum
644 2371 676 2405 in
692 2371 741 2406 Pii
759 2369 806 2405 V.
825 2369 1087 2405 constitutione.

331 2420 401 2455 Sed
424 2419 456 2453 in
480 2419 622 2457 recursae
657 2418 789 2454 cambio
819 2416 1057 2453 contrahentes
1082 2418 1125 2451 ab
1150 2415 1249 2453 initio

282 2469 522 2509 conveniunt,
550 2468 649 2516 quod
676 2468 829 2502 debitum
851 2466 1000 2501 solvatur
1022 2477 1080 2512 per
1099 2466 1251 2513 accepti—

284 2517 445 2552 lationem
466 2517 497 2550 in
516 2516 678 2551 nundinis
692 2543 702 2557 ,
729 2517 764 2550 &
779 2515 911 2549 realiter
933 2515 1048 2548 redeat
1065 2513 1109 2548 ad
1130 2514 1251 2550 civita-

286 2576 354 2600 tem
378 2566 513 2601 Genuae
525 2591 534 2605 ,
555 2567 611 2600 ubi
629 2564 673 2598 esl
689 2565 795 2599 faetus
812 2562 1004 2598 contrafius
1021 2561 1152 2596 cambii.

232 2616 273 2649 ¹9
340 2613 462 2654 Nono,
484 2613 619 2660 quiade
635 2613 704 2647 hoc
718 2612 851 2646 cambio
869 2611 968 2645 valde
979 2611 1137 2644 dubitant
1155 2609 1254 2645 etiam

230 2710 275 2732 20

290 2662 326 2704 ii,
347 2661 408 2706 qui
429 2673 468 2695 ex
481 2661 628 2707 professo
648 2670 802 2708 pugnant
821 2660 950 2695 cambia
965 2660 1028 2693 esle
1046 2658 1150 2694 licita.

346 2709 520 2751 Decimo,
546 2711 626 2756 quia
645 2708 710 2743 esse
731 2708 895 2742 cambium
926 2707 1080 2742 illicitum
1107 2707 1257 2742 scribunt

296 2762 352 2796 Jc.
369 2760 468 2805 Bapt.
487 2762 572 2806 Lup.
597 2762 630 2793 in
654 2772 682 2792 c.
699 2758 761 2791 ult.
789 2759 963 2804 naviganti
979 2757 1011 2801 ξ.
1029 2755 1134 2802 2.sub
1150 2768 1182 2789 n.
1200 2768 1256 2799 29·

291 2807 379 2853 vers
397 2808 542 2854 sequitur
566 2807 608 2840 de
630 2809 719 2854 usur.
737 2807 822 2839 inter
846 2805 942 2838 trabi.
972 2806 1098 2851 divers.
1125 2814 1201 2840 rom.
1222 2817 1256 2851 7.

283 2856 352 2904 fol.
365 2867 440 2899 139.
457 2857 506 2892 .Ῑο.
520 2856 616 2903 Bapt.
635 2857 757 2888 Cavat.
772 2852 922 2886 traH.de
936 2852 1039 2889 camb.
1051 2856 1102 2885 iit.
1118 2852 1160 2885 de
1170 2855 1258 2900 usur.

294 2905 384 2951 vers.
408 2914 511 2950 quaero
534 2904 717 2950 campsores
733 2901 945 2947 &seqq.fol.
963 2912 1042 2942 242·
1065 2902 1097 2934 δέ
1117 2912 1258 2947 genera-

297 2951 361 2986 tim
383 2949 549 2984 cambium
568 2951 769 2985 circulaium
783 2975 792 2988 ‚
811 2951 843 2983 δε
860 2959 1054 2983 reiteratum
1074 2960 1133 2994 per
1149 2950 1261 2994 plures

295 2998 464 3033 nundinas
480 3024 489 3039 ,
530 2998 754 3044 campsando,
794 2999 827 3032 ἀ
848 2995 1086 3043 recarnpsando
1112 3007 1194 3042 puta
1220 3009 1259 3031 ex

298 3048 423 3082 Genua
446 3046 488 3080 ad
515 3046 718 3081 Placentiam
733 3072 743 3086 ,
773 3057 811 3079 ex
832 3044 1004 3079 Placentia
1024 3044 1066 3078 ad
1090 3046 1256 3087 Genuam,

298 3097 329 3128 ἃ
348 3094 459 3129 rursus
477 3106 515 3128 ex
535 3096 659 3130 Genua
677 3094 718 3128 ad
736 3093 960 3134 Placentiam,
980 3096 1012 3129 ὃ(
1027 3092 1070 3126 fic
1085 3092 1256 3140 deinceps,

298 3142 365 3178 esse
388 3143 553 3176 cambium
574 3143 852 3188 repreliensibile,
875 3144 908 3176 ὃ(
934 3140 1151 3181 evitandum,
1179 3142 1260 3188 quia

298 3202 367 3225 non
385 3190 486 3224 habet
507 3191 600 3226 suum
613 3191 733 3231 finem,
748 3190 831 3223 &in
847 3202 888 3225 eo
906 3189 1074 3237 qua-titur
1088 3200 1259 3236 proprium

298 3238 452 3278 lucrum,
478 3240 511 3274 &
531 3238 674 3284 pecunia
692 3250 759 3272 non
780 3238 915 3272 inseruit
933 3238 995 3271 arti
1018 3237 1260 3279 oeconomicae,

299 3288 333 3322 ὅ(
350 3287 504 3331 politicaa
521 3299 583 3332 pro
611 3288 780 3321 mercibus
794 3313 803 3325 ,
831 3285 945 3320 scribit
967 3285 1101 3320 Fabiam.
1119 3285 1259 3320 Genucii.

299 3335 396 3368 trabi.
416 3335 457 3368 de
476 3335 582 3370 camb.
596 3334 759 3381 initiosub
773 3346 859 3368 num.
875 3347 907 3377 9.
934 3333 968 3368 &³
986 3336 1073 3380 seqq.
1090 3345 1162 3367 ver.
1181 3347 1260 3381 qua-

301 3393 375 3415 rum
390 3393 464 3415 tom.
480 3385 511 3417 6.
523 3393 557 3430 p.
581 3395 609 3417 1.
623 3383 692 3430 fol.
707 3393 788 3423 411.
817 3383 850 3415 &
865 3381 964 3430 quod
980 3390 1183 3415 mercatores
1197 3408 1206 3422 ,
1227 3384 1261 3417 &

303 3433 493 3474 campsores
523 3430 616 3464 nullo
645 3429 778 3476 prorsus
812 3429 894 3464 suco
926 3429 1107 3463 incruslare
1141 3429 1262 3476 possint

302 3478 431 3511 cambia
454 3478 510 3510 isla
539 3478 621 3526 quin
648 3478 709 3512 fint
732 3477 901 3512 manifeste
923 3476 1096 3518 usuraria;
1119 3477 1260 3524 quando

304 3523 374 3558 scil.
399 3524 519 3559 nobilis
544 3526 665 3573 aliquis
690 3525 723 3559 in
749 3524 932 3573 Hispania,
963 3525 1108 3572 pecunia
1132 3537 1259 3572 egens,

304 3572 470 3607 convenit
493 3585 712 3608 mercatorem
730 3600 738 3615 ‚
773 3573 832 3621 qui
863 3571 944 3613 fibi,
973 3583 1130 3608 mutuato
1152 3585 1259 3616 auro,

302 3618 502 3664 succurrat3
529 3621 638 3657 renuit
661 3632 847 3663 mercator,
867 3619 967 3656 offert
987 3632 1071 3655 tunc
1089 3621 1212 3656 nobilis
1227 3622 1261 3656 in

302 3666 482 3718 Hispania,
512 3669 610 3717 quod
637 3670 697 3715 ipsi
723 3668 900 3704 mercatori
928 3668 1132 3715 rependetur
1154 3681 1261 3717 pecu-

302 3726 358 3750 ma
382 3715 415 3749 in
447 3717 605 3753 Flandria
636 3717 807 3754 consentit
834 3727 918 3752 tunc
950 3728 1120 3752 mercator
1137 3744 1148 3759 ‚
1181 3718 1262 3765 quia

578 201 932 287 Sigismundi
973 202 1216 265 Scacciae
1240 198 1436 259 TracC'c.
1483 197 1558 258 de
1584 198 1873 258 Commer.

1268 291 1468 332 arbitratur,
1497 291 1557 327 sibi
1578 292 1710 327 lucrum
1726 303 1767 326 ex
1785 290 1856 327 hoc
1872 288 1966 327 licite
1982 288 2115 331 deberi,
2139 303 2222 340 qua,

1275 435 1435 470 Flandria
1467 437 1657 484 pecuniam,
1689 448 1803 483 neque
1825 445 1995 472 mercator
2021 434 2162 472 somniet
2191 448 2235 483 eit

1273 482 1430 518 Flandria
1452 484 1486 518 in
1514 483 1706 531 Hispaniam
1737 483 1946 527 traducere;
1971 483 2004 525 ὅ(
2026 483 2244 532 iniquiorem¹⁴

1279 531 1344 566 esse
1370 531 1551 579 clypeum,
1578 544 1651 580 quo
1673 543 1711 568 ut
1731 531 1884 579 campsor
1905 530 1937 565 se
1959 542 2142 579 protegat;
2177 544 2233 580 pe-

1276 580 1320 614 tit
1349 578 1474 614 deinde
1493 580 1513 614 a
1536 580 1642 615 nobili
1657 581 1792 627 litteras
1813 580 1847 614 in
1870 578 2085 622 Flammam,
2112 581 2237 628 easque

1277 628 1399 663 nobilis
1423 629 1560 664 exhibet
1577 655 1587 670 ,
1619 630 1654 663 ὅ(
1685 628 1803 675 dirigit
1828 627 1872 662 ad
1894 628 2060 663 ministros
2086 628 2236 675 ejusdem

1279 676 1480 723 campsoris,
1515 688 1557 710 ac
1579 677 1602 711 fi
1625 678 1672 712 illi
1700 675 1876 724 pecuniam
1904 675 2004 722 ipfius
2027 677 2150 712 nobilis
2176 678 2238 712 ha-

1277 725 1393 760 berent
1411 751 1421 766 ,
1455 725 1515 772 qui
1540 725 1680 773 quidem
1707 725 1845 759 ministri
1873 733 2032 772 tanquam
2052 724 2240 772 campsoris

1277 772 1420 807 finitores
1447 772 1563 820 postea
1588 773 1753 808 Metinam
1779 772 1839 808 sub
1859 784 1953 807 novo
1973 771 2110 808 foenore
2129 774 2240 809 remit-·
2259 770 2263 775 ’

1279 831 1357 856 tunt
1371 847 1381 863 ‚
1412 832 1490 856 eum
1514 826 1630 857 tamen
1643 833 1679 856 re
1703 833 1781 856 vera
1802 819 1972 867 ejusmodi
1990 821 2148 858 confistae
2166 821 2240 857 mis-

1279 870 1407 911 fiones,
1433 881 1473 904 ac
1497 869 1722 909 remiffiones,
1749 881 1820 904 non
1843 867 1902 903 nifi
1923 869 2134 916 expe&ando
2156 883 2241 906 tem-

1281 917 1358 964 pori
1386 916 1589 959 inserviant,
1616 929 1656 953 ac
1672 917 1818 965 proinde
1839 917 2044 963 exaugendo
2055 917 2182 954 foenori
2197 919 2243 956 ad
2274 930 2277 936 ·

1287 965 1523 1013 exaugendam
1547 966 1743 1001 debitorum
1771 964 2006 1006 substantiam,
2035 965 2149 1001 scribit
2175 970 2240 1003 Sor.

1281 1013 1324 1048 de
1338 1015 1412 1060 just.
1432 1015 1467 1051 (9'
1477 1017 1544 1058 jur.
1561 1015 1620 1049 lib.
1634 1019 1666 1050 6.
1680 1027 1710 1061 q.
1729 1026 1782 1050 10.
1801 1024 1869 1049 art.
1885 1026 1913 1048 1.
1929 1013 1992 1047 col.
2003 1015 2115 1062 penul.
2132 1014 2167 1053 ὠ·
2179 1016 2241 1052 ult.

1273 1063 1342 1110 fol.
1361 1065 1438 1096 6¹0.
1462 1063 1516 1105 δε,
1537 1062 1636 1110 quod
1654 1061 1824 1110 ejusmodi
1839 1061 2007 1096 cambium
2023 1063 2060 1097 sit
2077 1063 2248 1108 illicitum3

1283 1112 1424 1158 quando
1446 1110 1491 1145 sc.
1532 1110 1649 1146 Titius
1675 1110 1916 1145 nummularius
1933 1109 1991 1145 dat
2009 1111 2052 1146 ad
2075 1113 2243 1147 cambium

1283 1158 1443 1204 pecunias
1463 1159 1549 1196 Caio
1568 1161 1706 1194 Genuae
1721 1185 1730 1200 ,
1758 1171 1811 1194 eas
1833 1170 1912 1193 curn
1927 1159 2032 1194 lucro
2049 1170 2247 1207 recepturus

1284 1206 1474 1253 Lugduni,
1499 1209 1533 1242 &
1559 1208 1639 1242 ideo
1662 1209 1768 1243 Caius
1793 1206 1907 1242 scribit
1932 1205 2079 1249 litteras,
2107 1201 2266 1244 minen-‘

1285 1256 1344 1290 das
1370 1254 1585 1302 Lugdunum
1605 1256 1647 1290 ad
1670 1268 1767 1298 eum,
1783 1267 1884 1304 quem
1908 1253 2010 1290 offert
2030 1256 2146 1291 Titius
2162 1268 2247 1291 nun-

1287 1304 1449 1337 mularius
1483 1304 1591 1338 eidem
1617 1305 1731 1346 Caio,
1767 1305 1955 1339 soluturum
1982 1303 2148 1351 Lugduni
2184 1316 2247 1351 pro

1285 1350 1357 1396 ipso
1383 1351 1496 1396 Caio;
1528 1352 1655 1399 hasque
1677 1353 1824 1393 litteras,
1854 1351 1915 1386 sub
1942 1363 2086 1398 quarum
2111 1352 2179 1387 side
2196 1351 2246 1387 es-

1287 1399 1356 1434 sent
1370 1411 1529 1446 pecuniae
1546 1400 1721 1436 solvenda:
1738 1401 1846 1435 eidem
1867 1398 1988 1442 Titio,
2010 1400 2066 1436 seu
2079 1401 2153 1447 ejus
2171 1413 2249 1446 pro-

1289 1449 1440 1483 curatori
1464 1449 1496 1483 in
1523 1449 1662 1484 civitate
1693 1448 1886 1496 Lugduni,
1921 1448 1991 1495 ipse
2022 1449 2138 1484 Titius
2164 1449 2249 1484 reci-

1286 1497 1355 1542 piat
1379 1497 1399 1531 a
1422 1497 1510 1533 Caio
1526 1524 1535 1538 ,
1562 1498 1684 1545 easque
1701 1508 1824 1533 retinet
1848 1496 1940 1542 apud
1963 1496 1996 1532 se
2013 1524 2022 1539 ,
2054 1499 2111 1538 δε,
2136 1497 2250 1543 elapso

1287 1545 1394 1590 spatio
1421 1545 1473 1580 sex
1501 1546 1680 1587 menfium,
1708 1546 1738 1580 in
1759 1545 1853 1594 quib,
1871 1544 1993 1580 litterae
2016 1545 2089 1580 Caii
2113 1544 2250 1581 fuissent

1290 1593 1503 1639 Lugdunum
1529 1606 1769 1640 perventurae,
1802 1594 1836 1628 ὅ(
1862 1593 1939 1628 aliae
1962 1605 2001 1628 ex
2027 1593 2271 1640 Lugdunensi-

1288 1641 1372 1675 urbe
1411 1642 1452 1676 ad
1479 1644 1632 1677 Genuam
1656 1643 1820 1678 rediturae
1839 1666 1849 1683 2
1885 1641 1984 1689 fingit
2009 1641 2127 1677 Titius
2147 1653 2248 1677 rium-

1291 1690 1472 1730 mularius,
1497 1690 1531 1725 se
1551 1691 1713 1737 recepisse
1737 1692 1865 1726 litteras
1888 1690 1907 1725 a
1931 1690 1992 1725 suo
2015 1701 2252 1738 procuratore,

1289 1738 1457 1782 Lugduni
1479 1740 1704 1774 commoranti
1721 1766 1730 1781 ,
1749 1739 1781 1773 in
1795 1740 1924 1787 quibus
1951 1738 2020 1787 ipse
2045 1749 2251 1786 procurator

1289 1786 1483 1834 scripserit,
1513 1787 1545 1821 se
1573 1787 1750 1834 praediflas
1780 1786 1942 1835 pecunias
1974 1798 2044 1822 non
2069 1786 2247 1829 habuiffe,

1289 1847 1377 1881 quas
1398 1846 1461 1881 pro
1486 1836 1574 1870 Caio
1602 1835 1769 1878 solveret,
1797 1835 1950 1883 ideoque
1966 1847 2021 1869 eas
2042 1835 2181 1871 aliunde
2194 1846 2250 1870 ac-

1292 1882 1416 1929 cepisse
1437 1884 1478 1918 ad
1504 1884 1694 1926 cambium,
1728 1893 1768 1919 ut
1799 1896 1853 1918 eas
1886 1883 1954 1932 ipse
1983 1883 2088 1918 Caius
2114 1883 2251 1920 Genuae

1290 1931 1390 1968 Titio
1411 1931 1576 1974 solveret,
1602 1945 1641 1968 ac
1661 1932 1807 1980 proinde
1831 1933 1935 1967 Caius
1958 1931 2098 1978 cogitur
2118 1932 2249 1967 solvere

1292 1991 1369 2014 cum
1398 1979 1496 2016 lucro
1517 1981 1685 2028 Lugduni
1718 1981 1904 2029 pecuniaS,
1938 1979 2082 2028 primum
2112 1981 2250 2016 Genuae

1291 2039 1449 2075 acceptas
1472 2031 1506 2064 &
1524 2029 1645 2064 iterum
1671 2030 1812 2076 cogitur
1835 2030 1974 2064 Genuae
1996 2028 2128 2064 solvere
2149 2028 2249 2064 etiam

1292 2088 1370 2110 cum
1394 2077 1461 2112 alio
1480 2078 1580 2113 lucro
1602 2079 1786 2125 pecunias,
1813 2090 1897 2126 quae
1914 2076 2093 2123 finguntur
2121 2088 2185 2124 pro
2205 2088 2250 2112 eo

1292 2124 1459 2171 Lugduni
1479 2126 1513 2160 in
1540 2128 1708 2161 cambium
1731 2138 1886 2173 acceptae
1897 2124 2011 2162 scribit
2021 2127 2192 2163 Jo.Azor.
2206 2124 2250 2159 de

1293 2175 1391 2220 instit.
1406 2175 1524 2209 moral.
1542 2185 1576 2222 p.
1590 2187 1621 2220 3.
1643 2175 1701 2209 lib.
1724 2187 1777 2209 ιο.
1809 2177 1862 2209 tit.
1884 2174 1926 2210 de
1950 2174 2057 2208 camb.
2074 2188 2102 2209 c.
2116 2173 2250 2220 8.vers.

1293 2221 1530 2258 haecrconditio.
1547 2223 1694 2264 addens,
1724 2223 1793 2258 hoc
1807 2222 1972 2258 cambium
2003 2221 2069 2256 esse
2092 2232 2254 2256 mutuum

1295 2271 1507 2307 cumlucro:
1536 2283 1603 2306 non
1619 2282 1730 2306 autem
1762 2271 2044 2318 permutationem
2069 2270 2227 2317 pecuniae
2243 2295 2255 2311 ,

1297 2318 1379 2366 quia
1403 2319 1507 2355 nullae
1527 2318 1603 2355 sunt
1631 2319 1846 2367 Lugdunum
1875 2318 1979 2354 miffae
2001 2318 2145 2359 litterae,
2170 2328 2255 2358 aut,

1300 2368 1322 2401 fi
1350 2366 1426 2402 sunt
1442 2367 1563 2410 miffae,
1587 2379 1625 2402 ea
1640 2379 1711 2402 arte
1724 2367 1796 2403 suut
1816 2366 1939 2409 missae,
1965 2377 2006 2402 ut
2018 2362 2098 2401 inde
2117 2365 2258 2402 redeant

1300 2415 1434 2457 inanes,
1463 2428 1502 2451 ut
1517 2417 1616 2452 latius
1633 2416 1700 2463 ipse
1713 2416 1870 2462 explicat.

2349 1242 2370 1263 ⁴*
2385 1254 2398 1279 ιι

1349 2464 1510 2499 Secunda
1534 2464 1652 2512 opinio
1677 2477 1834 2512 negativa
1846 2491 1855 2505 ,
1879 2463 2047 2500 contraria
2061 2458 2342 2511 praeceden-21.'

1302 2512 1355 2553 ti,
1383 2512 1482 2560 quod
1499 2513 1569 2548 hoc
1592 2513 1759 2547 cambium
1783 2525 1852 2548 non
1870 2514 1908 2549 fit
1931 2512 2110 2555 illicitum,
2142 2510 2198 2547 sed
2220 2510 2259 2546 sit

1303 2559 1416 2602 reale,
1452 2562 1485 2596 &
1509 2563 1640 2597 licitum
1664 2587 1674 2602 ,
1714 2560 1878 2597 suadetur
1911 2561 1992 2596 οξὶο
2026 2558 2231 2607 argumentis
2248 2584 2260 2601 ,

1304 2609 1483 2656 suppositis
1505 2621 1617 2646 tamen
1638 2609 1731 2657 prius
1755 2609 1925 2646 nonnullis
1959 2621 2023 2657 pro
2044 2607 2189 2644 faciliori
2211 2607 2263 2642 in-

1304 2658 1502 2705 telligentia.

1356 2706 1469 2741 Primo
1489 2706 1644 2754 suppono
1659 2734 1668 2748 ,
1696 2706 1795 2754 quod
1810 2705 1978 2742 cambium
2000 2705 2048 2740 est
2068 2703 2211 2751 emptio,
2228 2703 2263 2739 &

1308 2754 1484 2797 venditio,
1513 2755 1641 2791 firmavi
1653 2759 1760 2804 supra
1781 2757 1814 2802 ξ.
1832 2768 1861 2792 ι.
1878 2768 1908 2803 q.
1921 2765 1957 2797 4.
1975 2765 2007 2790 n.
2020 2766 2078 2790 21.
2090 2756 2123 2788 in
2137 2763 2172 2796 4.
2195 2754 2263 2800 opi-

1306 2814 1408 2839 nlone.

1357 2850 1521 2886 Secundo
1548 2850 1703 2899 suppono
1726 2852 1854 2886 illative
1876 2863 1916 2886 ex
1930 2848 2150 2898 praecedenti,
2166 2848 2265 2897 quod

1310 2899 1409 2934 etiam
1438 2899 1602 2934 cambium
1623 2913 1682 2948 per
1704 2901 1831 2935 litteras
1850 2897 2084 2941 nundinarias,
2104 2897 2152 2932 est
2172 2909 2266 2945 emp-

1311 2949 1382 2989 tio,
1413 2950 1447 2983 &
1475 2949 1631 2984 venditio
1646 2976 1655 2991 ,
1686 2959 1726 2983 nt
1747 2948 1858 2996 scripsi
1881 2947 2040 2994 sol.§.1.
2057 2959 2088 2994 q.
2110 2945 2218 2995 5.sub
2231 2957 2265 2982 n.

1309 3007 1367 3041 45.
1380 2997 1474 3037 verfi.
1487 2997 1633 3045 secundo
1653 3001 1729 3044 quia
1749 2997 1795 3032 est
1813 2996 1901 3032 enim
1921 2995 2068 3042 emptio,
2100 2996 2135 3030 &
2149 2993 2267 3029 vendi-

1311 3056 1361 3080 tio
1376 3071 1386 3085 ,
1418 3056 1497 3078 cum
1519 3048 1680 3092 temporis
1706 3046 1894 3087 dilatione,
1920 3053 2004 3092 quae
2023 3043 2124 3078 datur
2145 3041 2266 3078 vendi·

1311 3092 1377 3128 tori
1400 3092 1442 3126 ad
1467 3092 1660 3128 tradendam
1687 3106 1755 3128 rem
1776 3093 1947 3128 venditam
1965 3119 1975 3133 ‚
2001 3101 2040 3126 ut
2058 3089 2170 3139 scripsi
2189 3089 2263 3125 e0d;

1311 3143 1343 3188 ς.
1367 3155 1394 3175 ι.
1413 3156 1442 3190 q.
1458 3154 1492 3183 4.
1512 3154 1544 3177 n.
1560 3153 1608 3176 21.
1622 3143 1708 3188 vers:
1725 3154 1844 3188 quarta
1856 3144 1971 3189 opinio.

1361 3189 1486 3224 Tertio
1499 3189 1665 3244 suppono,
1678 3190 1776 3238 quod
1788 3202 1826 3224 ea
1839 3200 1951 3224 omnia
1960 3215 1971 3230 ‚
1988 3199 2071 3236 quae
2083 3187 2159 3223 sunt
2172 3185 2264 3222 licita
2279 3212 2298 3232 ·.·.
2346 3196 2356 3207 ·

1313 3238 1345 3272 in
1367 3238 1543 3273 conti-aflu
1565 3239 1756 3285 emptionis,
1772 3242 1805 3274 ὃς
1817 3236 2024 3273 venditionis
2036 3247 2114 3271 cum
2127 3234 2266 3272 dilatio-

1312 3298 1365 3326 ne,
1383 3296 1480 3321 erunt
1496 3286 1590 3320 licita
1607 3286 1640 3321 in
1654 3286 1785 3322 cambio
1799 3284 1943 3321 recursae
1957 3296 1966 3319 z
1980 3284 2038 3320 sed
2047 3283 2155 3320 forsan
2166 3293 2234 3319 non
2246 3281 2267 3316 ἐ

1312 3345 1444 3369 contra:
1465 3346 1571 3381 quare
1582 3337 1624 3370 ab
1637 3346 1691 3375 eo,
1704 3335 1801 3382 quod
1819 3335 1866 3369 est
1879 3334 2010 3369 licitum
2033 3333 2067 3368 in
2088 3329 2268 3382 contraffl}

1313 3382 1494 3429 emptionis
1516 3383 1651 3417 aliarum
1684 3383 1845 3418 mercium
1861 3409 1871 3425 ,
1904 3382 2021 3417 licebit
2040 3387 2268 3428 argumentari

1313 3430 1533 3466 affirmative:
1557 3442 1595 3466 ut
1613 3430 1652 3466 fit
1667 3430 1797 3467 licitum
1811 3431 1909 3466 etiam
1929 3430 1963 3465 in
1977 3429 2134 3472 cambio;
2153 3425 2209 3462 sed
2223 3436 2266 3460 an

1310 3478 1410 3513 liceat
1436 3479 1612 3525 negative,
1631 3491 1699 3514 non
1715 3479 1824 3521 firmo,
1840 3491 1899 3526 per
1913 3489 1962 3520 ea,
1976 3488 2060 3526 quae
2070 3475 2190 3511 notavi
2207 3486 2262 3510 nu.

1302 3528 1397 3575 seqq.
1414 3527 1450 3564 &
1470 3527 1650 3573 praesertim
1669 3529 1759 3575 infra
1771 3540 1804 3562 n.
1817 3528 1872 3562 26.
1891 3527 2037 3578 &7⁸²qu

1364 3575 1505 3618 Quarto
1525 3574 1682 3622 suppono
1700 3602 1710 3618 ,
1744 3575 1843 3623 quod
1863 3575 1895 3609 in
1916 3575 2055 3609 cambiis
2076 3573 2265 3608 tolerantur
2279 3585 2320 3620 ²3

1313 3623 1433 3658 multae
1447 3622 1735 3670 improprietates,
1748 3625 1782 3658 δε
1793 3622 1958 3663 ᾗᾶίοηεε,
1976 3633 2017 3657 ex
2034 3622 2161 3670 quibus
2175 3629 2265 3670 carn-

1312 3670 1445 3704 biorum
1463 3670 1655 3718 negotiatio
1673 3671 1811 3707 videtur
1828 3669 2034 3712 chimaerica,
2049 3670 2096 3704 fic
2112 3677 2266 3715 negotia-

1315 3718 1416 3754 tionis
1427 3720 1643 3765 pecuniarum
1655 3718 1846 3756 necessitate
1856 3719 2024 3766 exigente,
2037 3730 2077 3756 ut
2090 3717 2159 3753 dixi
2176 3715 2268 3763 infra

2139 3779 2172 3801 n.
2185 3778 2217 3814 7.
2232 3776 2266 3808 9·
