2400 3939
31 1107 75 1147 79

20 1768 63 1807 so

866 146 916 214 §.
942 140 1061 203 VI.
1095 136 1274 204 Gloff'.
1297 140 1339 203 Ῑ.

125 227 150 268 si
168 226 202 268 se
225 225 370 268 invicem
397 239 464 266 non
494 225 659 268 collidant
687 258 698 275 ‚
723 227 804 280 quia
835 233 922 270 stent
954 234 1092 271 diversis

122 279 328 328 respeffibus
348 305 359 321 ,
391 280 426 315 dt
453 278 710 317 considerentur
733 293 766 315 in
794 281 927 318 diverso
955 292 1091 329 tempo-

100 341 191 373 ,τες
219 339 326 376 quare
357 326 469 373 potest
493 338 581 373 unus
609 328 675 364 esse
696 327 818 364 fortior
845 356 855 371 ,
881 331 915 365 &
943 330 1089 366 debilior

119 377 230 413 altero
247 401 257 417 ,
287 375 413 411 fortior
441 373 568 410 scilicet
593 376 628 410 in
653 377 814 423 palaeflria
841 403 851 418 ,
881 378 916 412 δε
942 376 1086 413 debilior

120 424 155 459 in
178 422 276 458 cursu
296 449 306 463 ,
330 423 364 459 ὅ(
391 421 493 457 unius
518 421 584 457 effe
607 428 712 471 maJor
735 425 862 463 altero.
882 436 951 460 uno
974 427 1083 472 respe-

119 471 177 507 stu
190 497 201 512 ,
222 471 257 506 δε
280 471 390 505 minor
407 470 474 505 alio
493 469 643 517 respeftu
660 499 670 513 ,
697 482 736 507 ut
753 473 785 506 in
806 473 923 518 judice
938 476 1084 520 appella-

119 517 225 556 tionis
246 517 358 565 ,scripfi
382 521 416 554 in
442 530 510 552 meo
535 521 632 554 trafl.
659 521 700 554 de
721 522 878 567 appellat.
898 534 928 567 q.
949 534 981 555 2.
996 534 1082 556 num.

121 567 308 616 2pjunflis
323 592 333 608 ,
355 579 421 613 quae
443 565 516 602 dixi
537 566 618 602 ibid.
638 580 724 604 num.
741 581 795 603 22.
819 569 956 616 &seqq.
979 572 1013 606 ὅ(
1035 570 1082 603 ita

119 615 221 664 etiam
244 615 437 662 procedunt
460 622 542 661 quae
566 615 691 650 adduxi
701 617 777 664 sup.
798 629 883 652 num.
911 629 965 662 35.
990 617 1082 652 unde

118 673 188 697 non
215 663 334 698 mirum
358 684 369 704 ‚
397 662 420 695 fi
442 662 594 698 creditor
619 663 651 697 in
673 663 751 698 astu
778 663 959 699 solutionis
982 665 1080 711 poffit

116 710 354 757 repraesentare
377 709 566 746 debitorem
589 736 600 753 ,
632 723 711 747 cum
743 712 781 747 sit
807 714 881 759 eJus
909 714 1078 748 mandata-

114 757 182 795 rius
197 784 208 800 ‚
230 760 263 793 ὃ(
289 757 323 792 in
349 758 548 804 receptione
567 759 725 804 pecuniae
743 760 925 807 fungantur
943 762 1077 807 propria

115 807 253 853 persona
278 805 459 841 creditoris
474 828 488 848 ,
505 807 530 851 †
555 804 632 841 Imo
656 809 791 843 Navar.
816 809 920 853 confil.
949 821 1001 853 3¹.
1024 821 1076 842 re-

111 854 283 901 verendfi.
306 865 378 888 ver.
398 856 430 889 8.
449 853 504 889 lib.
530 864 557 898 5.
579 856 620 888 de
645 857 733 902 usur.
759 855 869 892 scribit
886 883 895 896 ,
920 856 1006 893 istud
1024 868 1076 891 ar-

110 911 314 949 gumentum
338 901 466 936 irrideri
489 902 578 948 apud
607 915 809 939 mercatores
826 931 835 945 ,
855 905 889 939 dc
913 904 986 940 sore
1002 930 1011 945 ,
1036 915 1075 940 ut

109 949 172 997 qui
196 948 264 984 hoc
287 947 468 993 dicerent,
499 950 740 988 aestimarentur
765 952 858 987 deliri
879 977 888 992 ,
917 962 1073 1001 tanquam

109 1008 180 1032 non
197 997 423 1044 intelligentes
438 1023 449 1041 ,
473 997 560 1046 quid
583 998 769 1046 loquantur
783 1027 792 1041 ,
810 1011 923 1049 neque
939 1000 983 1035 de
998 1011 1071 1049 quo

110 1044 308 1093 loquantur.

158 1091 220 1130 Ad
243 1103 399 1141 quartum
423 1119 433 1136 ‚
461 1095 608 1141 positum
631 1093 690 1129 sol.
709 1105 795 1129 num.
822 1107 874 1140 ¹³·
897 1095 941 1130 de
961 1096 1072 1142 plura-

108 1138 204 1176 litate
225 1140 398 1177 fictionum
422 1151 431 1178 :
457 1141 663 1191 Respondeo
683 1169 692 1183 ,
723 1143 755 1176 in
781 1144 957 1178 contractu
982 1156 1070 1179 cam-

108 1187 155 1224 bii
178 1187 310 1224 admitti
334 1189 427 1224 issam
452 1190 673 1237 pluralitatem
701 1185 873 1226 sistionum
899 1218 909 1231 ,
936 1192 978 1226 sic
1011 1203 1068 1226 na-

107 1246 183 1274 tuta
208 1236 339 1284 negotii
372 1237 530 1289 exigente
552 1264 561 1280 ‚
589 1248 628 1273 ut
653 1237 723 1272 dixi
760 1237 858 1274 etiam
895 1239 954 1275 sol.
980 1252 1066 1275 itum.

107 1292 165 1331 23.
189 1285 271 1332 quia
300 1284 360 1320 isse
381 1285 573 1321 contrastus
595 1298 667 1332 prae
691 1287 824 1321 caeteris
841 1288 998 1322 omnibus
1017 1300 1067 1322 te·

106 1331 211 1381 quirit
239 1332 443 1368 celeritatem
468 1359 477 1375 ,
505 1345 589 1382 quae
623 1334 774 1369 celeritas
806 1334 958 1369 adhiberi
996 1347 1065 1371 non

105 1379 219 1426 potest
241 1406 251 1423 ‚
272 1380 331 1414 nisi
354 1379 578 1417 mediantibus
602 1381 671 1416 istis
698 1382 910 1417 fictionibus:
933 1383 976 1418 ita
992 1409 1001 1423 ‚
1027 1394 1065 1419 ut

105 1428 235 1465 evitato
261 1427 407 1463 circuitu
443 1429 655 1476 personarum
681 1456 690 1472 ,
718 1428 776 1465 fiat
804 1439 917 1465 totum
950 1432 1032 1465 illud
1052 1458 1062 1473 ‚

104 1476 203 1523 quod
228 1475 321 1510 licite
347 1474 442 1512 fieret
466 1501 476 1518 ,
505 1477 654 1513 circuitu
690 1490 758 1512 non
789 1478 919 1514 evitato
948 1492 959 1522 ;
987 1481 1063 1514 liaec

103 1523 151 1558 est
176 1524 231 1558 lex
255 1548 266 1566 ,
293 1524 350 1558 cui
374 1534 579 1560 mercatores
598 1525 762 1560 inhaerent
786 1552 795 1567 ‚
828 1537 984 1574 tanquam
1005 1528 1061 1562 fir-

101 1580 161 1606 mo
188 1573 325 1607 carocio
360 1598 369 1614 ,
403 1573 437 1607 dc
466 1586 534 1608 non
570 1573 617 1608 est
647 1573 833 1608 damnanda
863 1599 871 1612 .
905 1576 1062 1610 dummo-

103 1618 150 1663 do
184 1619 265 1655 absit
295 1621 385 1655 fraus
410 1645 419 1662 ‚
457 1621 491 1655 ἀ
522 1622 696 1656 contineat
732 1622 764 1656 in
799 1620 920 1658 effestu
961 1624 1058 1669 justi-

99 1666 178 1702 tiam
214 1667 409 1703 contractus
435 1694 445 1710 ,
483 1681 542 1716 per
567 1681 605 1704 ea
627 1695 637 1711 ,
666 1680 747 1716 quae
775 1670 843 1705 dixi
875 1669 969 1718 supra
1001 1671 1061 1706 sub

99 1726 240 1752 numero
265 1726 321 1763 75.

147 1763 207 1798 Ad
227 1772 385 1812 quintum
401 1791 411 1806 ,
429 1763 572 1810 positum
590 1763 676 1812 supr.
699 1762 759 1800 sub
778 1777 863 1810 n.14.
879 1765 924 1800 de
938 1765 1057 1801 minori

95 1812 250 1860 periculo
274 1823 287 1856 ;
311 1812 499 1859 respondeo
529 1813 723 1859 dupliciter.

145 1859 260 1896 Prima
283 1887 291 1901 ,
318 1872 407 1906 nego
439 1862 546 1907 majus
575 1861 759 1906 periculum
784 1859 900 1895 versari
929 1861 960 1896 in
987 1863 1057 1897 aliis

94 1907 232 1944 cambiis
245 1935 255 1951 ,
277 1920 379 1956 quarn
392 1908 424 1942 in
440 1908 572 1943 cambio
590 1908 754 1949 recursae,
771 1909 850 1956 quia
871 1910 948 1944 licet
966 1920 1056 1958 quot

46 1991 49 1994 ,
93 1962 266 1992 mutantur
290 1955 455 2002 campsarii
478 1978 487 1997 ,
516 1967 569 1992 tot
595 1956 828 2004 superveniunt
852 1958 999 2004 pericula
1023 1959 1055 1993 in

6 3318 48 3357 82

95 2002 212 2040 debito
239 2003 358 2040 cambii
384 2030 395 2045 ,
422 2015 531 2039 tamen
552 2013 641 2055 quot
665 2004 763 2039 etiarn
792 2005 865 2041 sunt
892 2008 1055 2042 nundina-

94 2058 166 2087 rum
185 2078 195 2093 .
218 2052 252 2087 8(
273 2063 434 2095 annorum
459 2053 572 2089 cursus
588 2080 598 2094 ‚
624 2064 677 2089 tot
701 2053 798 2088 etiam
824 2054 854 2087 in
872 2053 948 2089 'uno
964 2082 973 2096 ,
995 2067 1053 2089 eo-

94 2098 244 2148 demque
264 2099 444 2146 campsario
474 2100 726 2136 considerantur
756 2101 904 2148 pericula
930 2129 939 2141 ,
967 2115 1055 2149 prae-

93 2148 202 2184 sertim
216 2175 227 2189 ,
250 2149 271 2182 si
294 2148 492 2193 negotietur
512 2150 545 2184 ὃ(
566 2162 633 2184 non
655 2149 702 2184 est
725 2151 850 2184 bonum
874 2150 999 2197 signum
1023 2151 1055 2185 in

94 2196 251 2232 debitore
265 2222 275 2238 ,
301 2197 361 2244 qui
384 2195 442 2230 diu
465 2207 626 2243 gravatur
648 2209 717 2232 aere
735 2198 846 2233 alieno
865 2210 943 2232 cnon
968 2199 1054 2233 inte-

94 2242 175 2280 resse
191 2270 202 2286 ,
229 2255 332 2293 quare
359 2243 393 2278 δι
418 2244 439 2277 fi
462 2244 660 2292 carnpsarius
682 2256 761 2280 cum
787 2245 915 2281 recursa
947 2247 1055 2294 primo

93 2303 182 2328 anno
213 2292 434 2328 facultatibus
465 2292 501 2328 fit
531 2294 675 2329 idoneus
700 2319 710 2334 ,
746 2304 854 2328 tamen
886 2294 1053 2341 sequenti·-

93 2341 156 2377 bus
187 2341 298 2388 potest
330 2339 550 2376 facultatibus
579 2341 677 2381 labi,
710 2341 778 2376 imo
811 2341 923 2389 potest
955 2344 1054 2378 etiam

94 2386 136 2423 ab
167 2387 265 2424 initio
297 2390 402 2439 usque
438 2388 480 2424 ad
510 2388 608 2424 finem
636 2388 733 2424 fuisse
763 2387 890 2438 semper
915 2390 1056 2427 latenter

91 2435 284 2474 inidoneus.

140 2484 304 2522 Secundo
325 2485 513 2534 respondeo
529 2512 539 2525 ‚
567 2486 664 2534 quod
690 2486 775 2522 dato
801 2486 899 2521 etiam
925 2508 936 2529 ,
956 2486 1055 2535 quod

92 2540 232 2588 propter
251 2534 396 2580 plurium
421 2532 681 2579 campsoriorum
704 2534 924 2583 mutationem
946 2532 1055 2582 pollet

91 2593 124 2617 in
147 2582 294 2627 ‘cambiis
323 2581 526 2618 considerari
556 2583 663 2629 majus
687 2583 876 2630 periculum
905 2609 915 2623 ,
947 2594 1055 2618 tamen

90 2633 199 2679 maJus
213 2656 224 2672 ,
247 2633 281 2668 ἀ
302 2631 410 2665 minus
431 2628 619 2676 periculum
643 2642 712 2665 non
735 2629 889 2666 absolute
910 2629 1055 2665 substan-

92 2676 178 2714 tiant
193 2678 352 2724 justitiam
368 2677 488 2713 cambii
504 2705 512 2717 .
533 2684 637 2724 prout
656 2678 876 2715 substantiam
895 2679 1053 2725 justitiam

91 2726 324 2762 coutrastuum
340 2753 350 2768 ‚
368 2726 428 2773 qui
451 2736 666 2772 exponuntur
679 2726 830 2762 fortunae
842 2753 853 2767 ,
869 2728 903 2761 ὅ(
921 2727 1053 2772 pericu—

89 2771 127 2809 lo
137 2798 146 2816 ,
162 2774 205 2810 de
219 2774 346 2822 quibus
360 2773 427 2809 dixi
438 2773 540 2821 supra
552 2775 582 2819 5.
593 2771 727 2823 r.quaest.
738 2784 766 2808 t.
779 2776 893 2816 nu.84.
913 2777 947 2811 (θ’
956 2776 1049 2822 seqq.

90 2820 127 2859 6?
142 2833 255 2870 para.
268 2823 480 2871 ampliante.
495 2821 556 2866 sub
570 2832 637 2867 n.5.
654 2835 743 2857 vers.
763 2825 867 2870 infero
879 2825 1026 2870 secundo
1040 2847 1050 2863 ,

90 2870 138 2914 ά,
139 2873 214 2918 seq.
241 2882 329 2906 vers.
361 2871 532 2918 intellige,
562 2869 598 2907 θ
609 2871 726 2919 scripfi
739 2873 845 2918 fiapra
861 2873 892 2918 5.
920 2882 951 2915 3.
963 2871 1050 2919 gl.3.

79 2916 146 2967 sub
161 2927 273 2953 niun.
289 2919 407 2964 extens.
424 2931 453 2952 r.

138 2965 199 3000 Ad
213 2965 340 3002 sextum
361 2966 505 3013 positum
518 2970 587 3014 sup.
604 2976 751 3010 num.t5.
769 2965 813 3000 de
831 2964 982 3001 evidenti
998 2965 1052 3000 lit-

90 3024 235 3050 terarum
258 3013 393 3049 fiffione
415 3040 426 3055 ,
458 3014 644 3062 respondeo
665 3041 675 3056 ,
704 3014 860 3060 negando
883 3039 893 3056 ,
921 3013 1050 3050 litteras

88 3061 156 3098 esse
176 3059 267 3096 sistas
281 3087 292 3102 ,
313 3062 467 3109 quinimo
486 3061 561 3098 sunt
580 3063 682 3098 reales
699 3087 710 3103 ,
728 3065 762 3098 δε
785 3071 864 3097 vere
883 3061 1047 3097 transmit-

90 3120 211 3148 tuntur
232 3109 298 3146 tale
311 3110 466 3146 debitum
483 3135 492 3151 ,
511 3111 545 3146 dt
558 3108 704 3151 litterae,
719 3111 753 3144 dc
771 3108 856 3144 fiunt
870 3109 1047 3157 acceptio-

89 3170 147 3194 nes
159 3159 193 3194 &
208 3156 403 3198 solutiones,
423 3158 474 3194 vel
486 3159 567 3193 alias
580 3158 703 3194 litterae
715 3156 858 3193 redeunt
872 3167 949 3192 cum
965 3169 1045 3204 pro-

88 3205 293 3247 testatione,
314 3216 375 3253 per
392 3215 431 3239 ea
449 3231 458 3248 ,
482 3217 563 3254 quae
584 3206 653 3241 dixi
669 3208 744 3253 sup.
759 3204 823 3250 sub
845 3205 990 3250 num.69.
1009 3206 1045 3244 tit

86 3267 119 3289 m
137 3267 165 3289 r.
189 3267 244 3289 nu.
308 3279 317 3288 .
766 3289 768 3291 ,

110 3256 196 3338 fAd
214 3265 387 3348 sep9ti⁷mum
403 3324 414 3341 ,
431 3299 575 3346 positum
585 3304 693 3350 supra
711 3311 856 3347 num.i7.
876 3299 920 3334 de
943 3300 1044 3335 inter-

87 3349 154 3386 ess‘e
176 3348 343 3386 converso
365 3347 397 3382 in
418 3346 582 3394 capitale:
606 3348 791 3395 respondeo
809 3373 819 3388 ‚
837 3348 934 3395 quod
952 3348 1042 3383 istam

88 3398 340 3434 conversionem
365 3405 566 3431 mercatores
589 3396 715 3438 faciunt
740 3396 773 3429 in
794 3396 920 3443 quovis
952 3405 1042 3430 cam-

86 3445 169 3488 bio,
193 3444 411 3494 quantumvis
433 3443 540 3479 libero
559 3470 570 3486 ,
594 3444 732 3493 quando
751 3441 888 3479 debitor
907 3443 956 3478 est
974 3456 1042 3479 mo-

88 3494 192 3528 rosus.

134 3540 238 3576 Ratio
250 3567 261 3583 ‚
287 3550 392 3589 quare
410 3539 443 3574 in
458 3539 597 3576 cambiis
615 3538 782 3588 speciatim
801 3538 1016 3575 admittamus
1029 3566 1039 3579 ,

75 3599 125 3625 ‘ut
144 3588 299 3624 interesse
317 3598 536 3623 convertatur
559 3589 592 3622 in
617 3587 759 3635 capitale
785 3588 832 3621 est
851 3599 864 3631 3
886 3587 968 3635 quia
995 3588 1041 3624 ad

84 3635 153 3674 boc
175 3646 215 3671 ut
240 3635 391 3677 interesse
414 3643 634 3673 convertatur
656 3637 689 3671 in
704 3672 706 3674 ,
720 3635 863 3682 capit-ale
881 3661 892 3678 ,
923 3634 1039 3682 requi-

1987 166 2106 224 43'7

1141 243 1262 268 runtur
1291 234 1352 270 tria
1386 241 1397 270 t
1423 228 1535 269 Primi>
1572 227 1754 282 requiritur
1781 256 1792 277 ,
1818 230 1916 282 quod
1958 240 2108 275 creditor

1139 281 1446 323 certitudinaliter‚
1476 282 1510 317 ὅ(
1538 293 1606 317 non
1636 294 1694 328 per
1721 282 1915 329 poffibiliter
1942 287 2051 334 passus
2068 286 2106 322 sit

1143 319 1298 364 interesse
1313 342 1322 364 ι
1339 329 1501 365 Secundo
1518 355 1528 370 ,
1556 328 1653 378 quod
1669 330 1839 377 quantitas
1857 329 2104 382 interessesspasli

1143 376 1183 411 fit
1214 387 1305 412 certa
1329 399 1340 418 ,
1369 378 1404 412 dt
1430 375 1559 425 liquida
1584 389 1594 413 t
1624 376 1743 413 Tertia
1766 400 1777 419 ‚
1812 380 1910 425 quod
1941 391 2105 417 commeta

1144 423 1235 459 cium
1258 450 1268 466 ,
1299 436 1339 460 ex
1362 436 1433 472 quo
1465 425 1620 470 procedit
1644 425 1713 460 hoc
1740 425 1892 461 imeresse
1918 452 1930 469 ,
1965 430 2004 465 sit
2030 432 2105 476 ejus

1142 471 1316 519 qualitatis
1341 498 1353 514 ,
1391 482 1427 507 ut
1461 471 1617 518 semper,
1655 473 1794 520 quando
1829 473 2062 512 dissolveretur
2093 504 2104 520 ,

1141 519 1281 567 haberet
1315 529 1502 566 promptam
1540 519 1751 556 occafionem
1794 523 1978 563 renovandi
2010 531 2023 566 ς
2053 526 2105 561 his

1141 568 1423 602 concurrentibus
1444 591 1454 608 ‚
1487 578 1552 602 non
1574 567 1745 604 diceretur
1772 567 1856 605 solvi
1881 569 2035 606 interesse
2056 572 2104 607 al-

1142 615 1247 649 terius
1275 613 1453 656 interesse,
1480 614 1537 650 sed
1560 615 1730 660 diceretur
1752 615 1880 664 semper
1900 617 1987 653 solvi
2013 619 2103 666 capi-

1140 662 1208 697 tale
1227 687 1238 703 ,
1266 661 1382 709 sicque
1399 663 1502 708 longe
1528 664 1618 698 abest
1643 664 1749 699 omnis
1775 665 1998 702 anatocismus
2014 693 2024 708 ,
2045 666 2103 703 sed

1138 709 1216 745 haec
1235 711 1346 746 omnia
1361 719 1571 746 concurrunt
1587 711 1621 745 in
1635 713 1841 747 commercio
1859 713 1978 748 cambii
1999 727 2012 758 3
2027 727 2102 751 nam

1137 758 1198 804 qui
1232 758 1428 805 negotiatur
1457 757 1491 791 in
1516 758 1652 794 cambiis
1672 784 1682 800 ‚
1712 760 1991 797 certitudinaliter
2016 761 2101 810 pati·

1137 816 1192 840 tur
1226 804 1296 841 hoc
1324 802 1479 840 interesse
1500 831 1510 846 ‚
1550 807 1602 841 vel
1634 805 1745 842 saltem
1777 806 1927 844 dicamus
1958 830 1968 850 4
2001 804 2100 858 quod

1133 852 1204 888 hoc
1227 854 1274 887 est
1299 852 1334 887 in
1360 853 1472 901 primis
1501 851 1758 900 supponendum
1780 855 1898 903 „quia
1922 857 2002 892 alias
2029 855 2099 893 fru-

1133 902 1196 935 slra
1219 899 1416 937 traderetur
1438 901 1482 936 de
1505 903 1739 938 convertendo
1767 902 1920 947 interesse
1940 905 1974 939 in
2001 905 2097 953 capi-

1132 949 1221 990 tale,
1245 950 1269 984 si
1291 962 1358 984 non
1381 960 1472 984 extat
1498 949 1669 985 interesse:
1691 950 1770 985 item
1788 951 1942 986 interesse
1958 952 2005 986 est
2025 964 2096 988 cer·-

1132 1006 1203 1031 tum
1220 1023 1230 1038 ‚
1254 999 1287 1033 δε
1312 996 1479 1044 liquidum
1503 1023 1514 1039 ,
1541 998 1623 1046 quia
1645 997 1680 1032 in
1703 998 1860 1046 quolibet
1889 996 1966 1035 foro
1983 1000 2093 1048 impo-

1130 1045 1222 1079 nitur
1249 1045 1393 1092 pretium
1418 1057 1481 1091 pro
1507 1045 1641 1081 cambiis
1660 1072 1669 1086 ,
1693 1057 1731 1081 ut
1751 1046 1839 1092 saepe
1859 1046 2004 1083 ‘diximus
2023 1075 2034 1089 ,
2058 1050 2094 1084 δὲ

1130 1093 1292 1129 cambium
1322 1092 1366 1127 de
1391 1093 1439 1127 sui
1466 1104 1580 1128 natura
1598 1120 1608 1135 ,
1634 1093 1730 1129 miffis
1753 1095 1873 1130 litteris
1898 1105 1976 1129 cum
1996 1094 2093 1132 solita

1128 1140 1292 1176 dilatione
1316 1141 1539 1175 nundinarum
1564 1143 1597 1176 δε
1622 1143 1776 1177 locorum
1796 1169 1806 1183 ,
1831 1142 2037 1190 extinguitur
2056 1145 2092 1180 dc

1127 1189 1240 1233 potest
1265 1188 1418 1223 renovari
1434 1214 1443 1228 ‚
1470 1200 1537 1224 non
1561 1189 1605 1224 fic
1626 1192 1671 1224 esl
1699 1189 1733 1224 in
1756 1190 1826 1225 aliis
1847 1191 2056 1226 commerciis
2077 1217 2091 1236 ,

1127 1236 1207 1282 quia
1234 1236 1268 1271 in
1297 1236 1367 1271 aliis
1396 1237 1449 1271 vel
1480 1249 1547 1271 non
1579 1249 1716 1285 apparet
1751 1250 1843 1273 certa
1866 1264 1877 1280 ,
1903 1238 2090 1288 &liquida

1125 1286 1296 1330 quantitas
1326 1284 1478 1320 interesse
1512 1283 1587 1330 paffi
1616 1299 1624 1321 :
1669 1286 1723 1319 vel
1759 1289 1999 1320 commercium
2023 1313 2034 1329 ,
2065 1288 2088 1322 ὲ

1125 1342 1197 1377 quo
1225 1333 1383 1379 procedit
1410 1332 1563 1367 interesle
1587 1360 1596 1374 ,
1623 1345 1691 1368 non
1715 1345 1897 1370 renovatur
1913 1361 1923 1374 ,
1948 1335 1983 1369 dc
2004 1345 2087 1370 con-

1124 1379 1302 1427 sequenter
1329 1393 1396 1415 non
1423 1381 1534 1425 petest
1558 1380 1629 1415 ficri
1666 1382 1743 1415 hoec
1773 1382 1947 1417 conversio
1972 1407 1984 1424 ‚
2043 1394 2087 1418 ua

1123 1439 1190 1462 non
1210 1428 1293 1462 fasta
1310 1454 1319 1468 ,
1345 1427 1530 1463 solveretur
1553 1429 1705 1463 interesse
1730 1428 1867 1463 alterius
1896 1430 2001 1465 intere
2028 1441 2048 1464 e
2071 1454 2085 1475 ‚

1122 1486 1203 1521 quae
1227 1476 1351 1512 solutio
1377 1475 1486 1522 posset
1516 1475 1620 1512 videri
1649 1476 1884 1522 supersoetatio
1903 1504 1914 1520 ,
1945 1479 1979 1511 δε
2008 1489 2086 1513 ana-

1123 1523 1280 1558 tocismus
1304 1550 1315 1565 ‚
1346 1525 1407 1573 qui
1431 1523 1477 1558 est
1508 1524 1527 1558 a
1561 1525 1637 1571 jure
1665 1527 1863 1571 reprobatus
1885 1551 1893 1566 ‚
1924 1536 1961 1560 ut
1986 1525 2084 1561 secu-

1121 1582 1176 1606 tus
1203 1572 1271 1606 sum
1300 1575 1331 1617 §
1345 1574 1419 1619 seq.
1436 1572 1527 1620 gloffi
1553 1586 1582 1606 2.
1621 1586 1705 1607 num.
1734 1585 1787 1618 39.
1815 1585 1898 1621 quae
1926 1577 2083 1620 reproba-

1121 1620 1171 1654 tio
1196 1620 1278 1654 huic
1302 1632 1398 1654 etiam
1425 1633 1486 1653 niti
1512 1619 1622 1665 poiest
1645 1621 1788 1661 rationi,
1809 1621 1906 1668 quod
1922 1623 2083 1659 accidens

1119 1667 1152 1701 in
1179 1667 1348 1702 accidenti
1372 1667 1436 1701 sine
1459 1667 1637 1703 suh-stantia
1659 1668 1837 1703 confistere
1858 1680 1926 1704 non
1949 1671 2046 1715 poffit
2069 1680 2081 1708 ς

1120 1726 1280 1751 caeterum
1297 1741 1308 1755 ,
1335 1716 1357 1750 fi
1386 1725 1468 1762 quae
1492 1717 1553 1751 alia
1577 1717 1777 1752 commercia
1805 1728 2046 1754 renovarentur
2067 1744 2080 1762 ,

1119 1765 1152 1799 Sc
1179 1763 1331 1799 imeresse
1351 1790 1360 1803 ,
1385 1764 1427 1798 ab
1451 1763 1498 1797 eis
1523 1764 1710 1811 procedens
1735 1790 1745 1805 ,
1772 1764 1853 1800 esset
1879 1765 2046 1811 liquidum
2067 1793 2079 1810 ,

1117 1813 1149 1846 ὅ(
1179 1823 1307 1847 certum
1327 1838 1338 1852 ,
1369 1812 1492 1858 utique
1515 1812 1612 1847 etiarn
1641 1813 1672 1846 in
1699 1812 1773 1859 ipsis
1792 1812 1946 1847 interesse
1969 1814 2079 1861 poslet

1116 1860 1271 1895 converti
1285 1859 1318 1894 in
1333 1859 1495 1906 capitale,
1509 1861 1603 1906 juxta
1619 1872 1656 1894 ea
1673 1887 1683 1902 ,
1704 1872 1786 1908 quae
1807 1860 1943 1896 secutus
1960 1863 2027 1898 sum
2043 1866 2078 1911 5.

1106 1910 1178 1955 seq.
1195 1909 1242 1957 gl.
1266 1907 1374 1989 assub
1397 1919 1544 1952 num.50.
1569 1919 1675 1956 quare
1692 1933 1702 1949 ‚
1725 1908 1874 1943 decursis
1895 1908 2078 1947 multorum

1115 1966 1276 1991 annorum
1315 1954 1462 1988 fustibus
1487 1957 1588 1991 certis
1605 1982 1614 1998 ,
1637 1956 1671 1991 ὃς
1695 1955 1857 2004 liquidis,
1881 1956 1916 1992 δε
1938 1970 2006 1994 non
2023 1958 2077 1995 so·

1116 2003 1195 2037 lutis
1211 2030 1220 2045 ‚
1238 2004 1326 2038 nulla
1347 2002 1432 2037 ratio
1449 2004 1605 2049 prohibet
1620 2031 1629 2045 ‚
1647 2005 1730 2052 quin
1750 2017 1790 2039 ex
1809 2005 1856 2040 eis
1869 2003 1967 2052 poffit
1992 2017 2076 2042 con·

1115 2051 1205 2085 stitui
1237 2051 1379 2099 aliquod
1410 2051 1552 2097 capitale
1580 2052 1786 2088 frustiserum
1812 2079 1822 2094 ‚
1857 2064 1896 2089 ut
1933 2050 2042 2102 scripsi
2063 2078 2074 2098 ,

1115 2099 1276 2145 ponendo
1304 2099 1395 2134 casus
1411 2121 1421 2139 ,
1441 2101 1476 2147 5
1488 2102 1560 2149 seq.
1575 2101 1660 2149 glrz.
1676 2113 1822 2149 mim-54.
1845 2102 1879 2136 &
1904 2101 1951 2138 ita
1982 2104 2075 2140 vide-

1114 2158 1187 2182 mus
1215 2146 1398 2193 praflicari.

1163 2196 1224 2230 Ad
1251 2196 1432 2236 mavum,
1457 2195 1696 2247 pofitumstep.
1722 2210 1844 2235 numer.
1874 2198 1929 2235 ¹8.
1951 2197 1996 2235 de
2021 2195 2076 2238 so·

1114 2243 1210 2279 tione
1244 2243 1275 2278 iu
1302 2243 1422 2279 eodem
1454 2243 1535 2279 loco
1560 2257 1568 2281 ε
1604 2245 1792 2291 respondeo
1825 2273 1835 2289 ,
1861 2247 1959 2294 quod
1985 2248 2076 2285 solu-

1115 2292 1165 2327 tio
1191 2291 1376 2327 virtualiter
1402 2284 1440 2326 fit
1458 2292 1556 2327 etiam
1582 2293 1615 2327 in
1638 2295 1795 2330 nundinis
1820 2321 1829 2337 ,
1855 2295 1890 2330 δι
1912 2307 1991 2331 cum
2008 2298 2077 2333 uti-

1114 2340 1208 2375 litate
1228 2339 1392 2375 debitoris
1416 2362 1426 2381 ,
1455 2348 1493 2374 ut
1522 2340 1652 2376 ostendi
1668 2345 1746 2392 sup.
1767 2356 1853 2379 num.
1877 2356 1934 2387 40.
1956 2343 1992 2382 ὦ·
2017 2357 2076 2390 41.

1114 2399 1205 2422 vers.
1233 2399 1264 2433 3.
1290 2391 1380 2436 quia.

1163 2435 1224 2472 Ad
1249 2447 1374 2472 novum
1388 2462 1397 2477 ,
1416 2436 1562 2483 positum
1577 2437 1685 2484 fi‘pra
1701 2446 1848 2485 num-19.
1867 2438 1911 2474 de
1932 2437 2077 2487 disputa-

1115 2484 1210 2519 tione
1228 2483 1324 2531 super
1343 2483 1412 2518 hoc
1429 2484 1584 2525 cambio,
1611 2485 1708 2521 etiam
1732 2488 1825 2534 apud
1849 2499 1908 2522 eos
1930 2515 1940 2530 ,
1965 2490 2080 2538 quiin

1113 2544 1238 2578 genere
1260 2531 1442 2567 admittunt
1455 2558 1464 2573 ‚
1493 2531 1620 2566 cambia
1638 2534 1701 2570 esse
1719 2534 1812 2571 licita
1828 2548 1841 2580 3
1863 2536 2078 2583 respondeo,

1114 2579 1376 2627 disputationem
1403 2579 1568 2615 terminari
1596 2593 1634 2615 ex
1656 2583 1708 2617 his
1734 2608 1743 2623 .
1767 2594 1847 2631 quae
1873 2583 2019 2621 dicimus
2045 2588 2080 2622 in

1113 2624 1176 2664 hac
1204 2628 1308 2674 quast·

1162 2675 1223 2710 Ad
1241 2676 1409 2710 decimum
1424 2702 1433 2717 ‚
1457 2676 1601 2721 positum
1617 2677 1692 2725 fiep.
1707 2688 1857 2716 numae.
1873 2679 1916 2715 de
1930 2680 2078 2718 austori-

1113 2733 1184 2760 tate
1201 2735 1318 2759 eorum
1334 2748 1345 2764 ,
1365 2724 1425 2770 qui
1446 2732 1559 2758 tenent
1577 2751 1586 2766 ,
1613 2725 1681 2759 hoc
1705 2728 1871 2762 cambium
1893 2727 1959 2764 esse
1981 2729 2077 2765 illici-

1113 2783 1183 2808 tum
1200 2798 1210 2812 ,
1235 2782 1272 2805 ea
1291 2771 1375 2806 moti
1398 2772 1529 2806 ratione
1546 2798 1555 2812 ,
1574 2772 1672 2821 quod
1692 2773 1857 2809 cambium
1874 2776 1994 2813 debeat
2010 2776 2076 2813 set·

1113 2819 1182 2854 vire
1205 2819 1309 2855 solum
1334 2831 1396 2865 pro
1425 2819 1591 2854 mercibus
1608 2847 1618 2862 ,
1639 2822 1673 2856 δε
1693 2822 1772 2857 ideo
1789 2822 1859 2858 fieri
1876 2824 1998 2860 debeat
2020 2826 2076 2862 so·

1109 2869 1180 2902 lum
1200 2868 1286 2902 inter
1303 2878 1506 2902 mercatores
1521 2894 1530 2908 ,
1556 2870 1589 2903 ὅ(
1608 2881 1676 2903 non
1699 2870 1784 2905 inter
1803 2871 1934 2906 nobiles
1949 2899 1958 2914 ‚
1984 2885 2076 2921 quos

1111 2915 1284 2950 verisimile
1307 2915 1353 2949 est
1373 2927 1440 2949 non
1460 2917 1582 2963 habere
1597 2918 1756 2963 pecunias
1769 2945 1779 2959 ,
1802 2929 1861 2953 aut
1880 2919 2020 2955 effeetus
2039 2923 2072 2957 in

1108 2964 1194 2998 locis
1213 2990 1221 3004 ,
1249 2975 1311 3010 pro
1335 2964 1462 3009 quibus
1483 2964 1655 3010 accipiunt
1676 2966 1807 3001 cambio
1826 2993 1836 3008 ‚
1864 2979 1958 3013 patet
1982 2970 2070 3005 solu-

1109 3012 1157 3047 tio
1173 3024 1211 3046 ex
1233 3012 1285 3045 liis
1299 3036 1309 3052 ‚
1331 3022 1412 3057 quae
1435 3022 1553 3046 contra
1570 3012 1655 3046 hanc
1680 3014 1842 3049 rationem
1861 3017 1928 3050 late
1941 3017 2068 3065 scripsi-

1108 3071 1180 3094 mus
1194 3061 1299 3107 supra
1319 3060 1351 3104 §.
1375 3072 1402 3092 t.
1419 3061 1557 3106 quaestq.
1575 3071 1662 3106 part.
1681 3073 1712 3094 2.
1729 3063 1830 3109 ampl.
1851 3075 1902 3097 ii.
1923 3076 2008 3099 num.
2033 3075 2063 3101 r.

1107 3108 1141 3145 (J
1149 3109 1243 3155 seqq.
1263 3108 1297 3144 (ν’
1318 3107 1469 3153 ampliat.
1493 3117 1543 3154 17.
1556 3119 1678 3142 numer.
1690 3120 1716 3142 i.
1735 3111 1769 3146 (θ’
1778 3108 1870 3157 seqq.
1888 3113 1923 3148 ό
1938 3124 2062 3151 numer,

1107 3165 1162 3190 22.
1176 3155 1276 3190 &hic
1292 3153 1469 3194 addimus,
1488 3155 1584 3203 qnod
1604 3154 1680 3190 Pius
1695 3157 1741 3191 V.
1760 3155 1916 3193 Pontifex
1933 3159 2062 3196 sanstis-

1106 3203 1223 3243 fimus,
1241 3213 1327 3237 anno
1349 3203 1448 3246 1569.
1464 3201 1589 3238 Not-en
1604 3203 1669 3238 bris
1685 3204 1895 3241 confirmavit
1911 3208 2059 3254 capitula

1103 3251 1310 3286 cambiorum
1334 3248 1444 3284 citatis
1468 3250 1639 3286 Bononia:
1660 3278 1670 3292 ,
1696 3252 1727 3285 in
1752 3253 1876 3299 quibus
1894 3257 1927 3288 in
1949 3267 2058 3303 capa.

1103 3299 1148 3334 ita
1167 3297 1377 3345 disponiturt
1404 3298 1541 3346 appreffo
1568 3299 1626 3332 che
1639 3298 1692 3342 fia
1716 3302 1749 3332 in
1768 3301 1888 3347 potesta
1910 3302 1951 3337 di
1971 3306 2059 3352 cias:-

1101 3359 1184 3382 cuna
1203 3348 1360 3394 persona,
1386 3349 1485 3380 eriam
1507 3347 1561 3380 dio
1589 3346 1646 3380 che
1670 3359 1729 3380 non
1742 3353 1792 3391 Jia
1815 3361 1977 3384 mercante
1993 3378 2002 3392 ,
2029 3354 2058 3388 il

1101 3395 1186 3428 dare
1205 3395 1281 3441 suci
1308 3392 1426 3426 denari
1450 3395 1484 3427 in
1504 3405 1597 3427 mano
1616 3395 1668 3428 de'
1691 3399 1850 3430 mercanti·
1872 3422 1882 3438 ‚
1906 3400 2057 3435 acciocht

1102 3443 1128 3476 li
1151 3443 1249 3476 diano
1277 3440 1297 3474 ὰ
1318 3440 1443 3475 cambio
1465 3442 1555 3475 reale
1568 3467 1578 3481 ,
1607 3441 1746 3488 consarli
1758 3444 1847 3486 [lare
1863 3444 1922 3479 del
1943 3449 2054 3482 crede-

1100 3499 1137 3523 re
1161 3489 1226 3525 (φρ.
1248 3489 1283 3524 &³
1299 3487 1385 3535 poffa
1409 3491 1479 3535 ogni
1495 3491 1631 3535 persona
1653 3490 1718 3524 dar
1739 3489 1883 3526 dendria
1903 3494 2054 3537 cambio,

1101 3539 1134 3572 ὃς
1148 3538 1213 3583 far
1234 3535 1292 3571 che
1314 3536 1397 3576 siano
1424 3538 1598 3582 ricapimte
1623 3536 1655 3571 le
1677 3538 1792 3572 lettere
1799 3539 1903 3587 [ὄργα
1926 3541 1974 3587 effi
1991 3543 2053 3575 Aa-

1099 3587 1162 3618 tori
1177 3609 1187 3625 ,
1212 3584 1281 3620 &e.
1310 3593 1349 3616 ex
1369 3583 1494 3628 quibus
1520 3582 1629 3617 verbis
1656 3583 1786 3621 constat
1801 3612 1809 3626 ,
1833 3589 1931 3634 quod
1954 3589 2051 3624 etiam

1099 3631 1301 3668 audomare
1326 3629 1504 3671 Pontificia
1527 3631 1638 3677 potest
1657 3631 1727 3666 fieri
1746 3633 1931 3677 cambium,
1955 3636 2051 3683 quod

1646 3680 1717 3715 00
1768 3692 1786 3725 3
1979 3694 2049 3718 uon
