2400 3939
194 784 237 820 75

196 1804 241 1840 77

197 2523 244 2558 79

204 3392 252 3426 80

289 177 354 234 45
369 182 396 213 2

287 253 366 287 ralia
381 252 422 285 ad
439 247 687 286 occurrendum
702 246 884 281 imminenti
909 246 1032 280 domus
1057 246 1209 291 periculo
1227 271 1237 286 ‚

288 296 345 334 sed
371 298 562 345 simpliciter
576 323 585 338 ,
614 297 647 330 δε
673 296 760 331 bona
781 294 848 328 fide
873 294 1062 334 vendidisti,
1083 305 1120 328 tu
1139 304 1237 328 vacas

289 347 492 392 omniculpa
507 373 515 386 ‚
540 348 574 380 ὃς
592 356 700 385 mora,
723 345 756 378 δε
777 343 855 377 ideo
874 355 941 377 non
971 341 1092 375 teneris
1115 340 1156 375 ad
1178 341 1236 374 ali-

287 395 385 442 quod
407 393 561 429 interesse
575 419 585 434 ,
607 404 720 426 verum
745 392 824 438 quia
845 390 946 435 reipsa
965 388 1130 436 deceptus
1160 387 1209 422 fni
1225 415 1234 428 ‚

286 442 430 477 emendo
448 442 541 487 tigna
556 439 683 478 vitiosa,
695 438 838 485 superest
854 438 932 471 mihi
946 436 1238 484 astioquantomi-

286 491 377 526 noris
389 490 545 529 emissem,
562 489 581 521 fi
593 487 756 523 scivissem
773 486 862 532 tigna
873 484 941 519 esse
950 485 1078 525 vitiosa,
1096 484 1130 518 d.
1143 485 1166 518 l.
1179 489 1237 522 Ju-

287 538 520 585 lianus,ff.de
540 537 604 570 affil.
628 548 724 582 empt.
739 546 818 580 quat
843 533 909 567 sola
930 533 1017 568 astio
1045 532 1237 579 prasticabi-

284 586 435 634 tur,quia
447 586 539 632 tigna
551 593 658 629 rupta,
674 594 732 616 aut
747 582 950 616 deteriorata
962 581 1147 615 readhiberi
1166 593 1234 614 non

285 634 423 680 possunt
437 632 599 678 alioquin,
617 641 652 665 tu
663 638 853 664 conventus
880 629 942 664 hac
964 630 1095 663 afflone
1113 627 1230 675 quanti

286 682 435 722 minoris,
455 681 566 727 posset
584 688 700 724 petere
715 676 917 719 readliiberi,
937 678 970 712 &
986 678 1029 713 ita
1040 676 1240 711 declaranda

288 730 334 764 est
355 730 390 763 d.
404 731 428 764 l.
445 729 607 766 Julianus.

333 776 511 812 Secundus
525 773 631 814 casus,
647 773 707 809 Tu
725 774 842 809 vendis
855 773 934 807 milii
957 785 1014 806 vas
1027 781 1237 818 argenteum,

284 825 339 861 seu
355 824 483 859 dolium
497 822 657 857 dissoluta
672 849 681 863 ,
706 836 772 858 non
793 834 950 869 tanquam
977 821 1049 854 vasa
1063 847 1071 861 ,
1095 820 1150 853 sed
1170 830 1238 854 tan-

283 885 384 921 quam
400 871 566 907 materiam
577 897 586 910 ,
603 883 689 917 ego,
705 870 835 904 utendo
848 871 894 904 eis
905 896 913 910 ‚
933 867 1044 916 passus
1067 868 1134 901 sum
1146 867 1239 901 dam-

282 933 361 955 num
377 949 386 963 ,
416 922 495 968 quia
514 930 605 953 erant
622 919 750 958 vitiosa,
769 929 805 953 tu
818 931 884 952 non
899 917 1030 956 teneris,
1047 916 1102 950 nisi
1127 927 1233 961 quan-

283 980 321 1004 to
336 968 470 1003 minoris
494 968 622 1001 ratione
650 968 747 1002 malae
784 966 955 1006 materiae,
982 965 1002 998 fi
1032 975 1101 998 eam
1124 962 1234 1005 scivis-

282 1017 368 1057 sem,
386 1016 465 1065 quia
487 1028 552 1049 non
578 1026 612 1048 es
639 1015 785 1049 versatus
810 1014 842 1046 in
861 1013 945 1048 dolo
979 1024 1052 1059 quo
1087 1011 1163 1045 casu
1192 1022 1239 1045 te-

283 1066 407 1100 nereris
421 1062 626 1098 adinteresse
645 1063 880 1103 extrinsecum,
895 1073 934 1096 ut
948 1061 980 1095 in
995 1060 1070 1094 ead.
1086 1061 1109 1093 l.
1133 1060 1236 1097 Julia-

285 1126 343 1148 nus
360 1116 466 1148 initio.

329 1161 471 1195 Tertius
483 1159 586 1194 casus.
608 1158 844 1194 Paterfamilias
872 1168 1119 1203 non·tanquam
1147 1154 1237 1196 suae,

282 1207 505 1256 profeffionis,
523 1207 579 1242 sed
594 1218 750 1255 tanquam
765 1208 885 1249 haeres,
904 1206 1031 1240 velalio
1050 1205 1123 1240 casu
1135 1204 1241 1239 domi-

279 1269 342 1291 nus
355 1256 529 1292 mobilium
541 1256 753 1291 existentium
764 1256 796 1289 in
814 1266 905 1290 certa
920 1254 1026 1288 domo
1041 1281 1050 1293 ,
1071 1252 1143 1286 vasa
1158 1263 1240 1299 quae

280 1306 367 1339 inter
395 1305 482 1338 dista
513 1305 649 1338 mobilia
664 1306 830 1342 extabant,
848 1302 1002 1337 vendidit
1022 1312 1178 1348 tanquam
1198 1300 1241 1334 de

280 1353 495 1388 universitate
519 1353 651 1398 illorum
675 1354 841 1387 bonorum
856 1378 864 1392 ‚
885 1352 961 1385 liaee
994 1349 1065 1383 vasa
1082 1375 1095 1392 ‚
1127 1348 1242 1383 vendi-

281 1412 316 1436 ta
333 1425 342 1438 .
368 1400 444 1436 sunt
474 1410 606 1446 reperta
628 1399 747 1435 vitiosa
764 1428 772 1441 ,
797 1399 853 1433 seu
890 1412 956 1433 non
979 1399 1121 1436 idonea,
1147 1408 1241 1430 certe

280 1450 342 1484 iste
363 1449 539 1489 venditor,
563 1449 783 1483 cumnullam
819 1447 1018 1492 profiteatur
1042 1447 1159 1480 horum
1185 1456 1242 1477 va-

280 1497 393 1533 sorum
415 1496 606 1532 industriam
625 1523 635 1537 ,
666 1495 720 1530 sed
737 1495 922 1530 incidenter
940 1522 949 1535 ,
977 1506 1015 1528 ut
1034 1505 1083 1527 res
1108 1491 1239 1527 indiffe-

281 1556 415 1586 renteS‚
447 1544 638 1580 vendiderit
655 1570 664 1585 ‚
694 1557 761 1579 non
787 1555 920 1579 tenetur
942 1543 985 1577 de
1025 1541 1214 1577 idoneitate
1231 1567 1242 1582 ,

281 1594 341 1628 nisi
362 1593 480 1641 quanti
504 1593 658 1632 minoris,
678 1605 746 1627 non
776 1603 887 1626 autem
920 1591 961 1625 ad
988 1590 1043 1631 id,
1063 1589 1162 1637 quod
1188 1601 1241 1623 ex-

281 1642 444 1676 trinsecus
456 1640 672 1681 interest,nifi
685 1640 823 1675 scienter
835 1639 1016 1677 retinuerit
1031 1666 1040 1677 ‚
1063 1641 1095 1673 δι
1111 1637 1153 1672 sic
1171 1638 1242 1671 fue-

282 1690 326 1725 rit
352 1690 385 1724 in
408 1689 492 1725 dolo
507 1715 517 1730 ,
549 1689 604 1723 vel
622 1688 680 1724 nifi
699 1687 849 1736 expresse
868 1686 1080 1722 affirmaverit
1095 1687 1129 1720 d.
1143 1686 1167 1721 l.
1182 1688 1243 1722 Ju-

282 1739 398 1773 lianus
425 1740 531 1773 initio.

334 1786 492 1830 Quartus
510 1785 614 1820 casus.
630 1784 804 1830 Tempore
817 1784 1058 1818 vindemiarum
1086 1793 1157 1816 mea
1181 1781 1240 1816 do-

284 1834 328 1869 lia
342 1833 416 1868 sunt
429 1834 508 1868 vino
523 1834 630 1880 plena,
652 1833 762 1867 habeo
774 1833 865 1868 aliud
880 1833 1007 1872 vinum,
1027 1833 1060 1866 &
1079 1830 1242 1865 deficiunt

285 1881 367 1918 mihi
382 1881 483 1922 dolia,
496 1893 591 1928 cogo
606 1892 692 1923 te,ut
711 1880 753 1915 de
765 1880 866 1915 doliis
880 1880 947 1916 tuis
959 1907 967 1921 ,
984 1891 1065 1927 quae
1087 1878 1164 1912 usus
1192 1878 1243 1913 tui

288 1930 387 1966 causa
405 1929 583 1971 adduxisti,
599 1941 671 1971 tot,
686 1939 775 1976 quot
792 1928 976 1976 indigerem
990 1955 998 1970 ,
1017 1925 1137 1962 eodem
1148 1954 1158 1967 ,
1174 1938 1245 1973 quo

287 1978 391 2013 emisti
410 1977 521 2025 pretio
535 2005 544 2020 ‚
571 1978 714 2013 veEkuris
734 1977 831 2011 etiam
850 1989 912 2023 pro
927 1986 995 2011 rata
1022 1975 1147 2015 refufis‚
1164 1975 1244 2008 milii

288 2026 362 2068 des,
377 2036 416 2062 tu
433 2027 562 2067 annuis,
579 2027 612 2061 &
627 2026 696 2066 das,
714 2025 768 2060 sed
781 2025 951 2060 doliorum
972 2024 1057 2060 vitio
1073 2035 1176 2057 unum
1194 2023 1244 2057 in-

289 2073 400 2109 fusum
417 2074 546 2113 amitto,
561 2085 653 2109 certe
669 2074 731 2108 isto
749 2072 825 2108 casu
842 2085 909 2119 ego
927 2085 994 2108 non
1007 2070 1140 2118 possum
1151 2082 1246 2117 pete-

286 2134 324 2157 re
353 2123 373 2157 a
395 2133 429 2158 te
445 2150 455 2166 ,
475 2123 571 2170 quod
593 2134 664 2157 mea
693 2121 864 2160 interfuit,
881 2121 972 2156 dolia
985 2119 1083 2155 fuisse
1100 2119 1218 2155 vitiosa
1234 2146 1244 2160 ,

287 2169 344 2206 sed
370 2172 478 2206 solum
500 2171 614 2217 quanti
631 2169 765 2204 minoris
781 2169 927 2203 emissem
943 2196 949 2209 ,
971 2168 993 2202 si
1008 2168 1181 2203 doliorum
1197 2168 1244 2201 vi-

286 2219 372 2254 tium
390 2216 575 2261 novissem,
600 2230 660 2266 per
685 2229 746 2260 ea,
772 2229 853 2265 quae
882 2218 1048 2252 habentur
1068 2219 1101 2251 in
1118 2215 1194 2251 ead.
1218 2217 1243 2249 l.

288 2268 460 2304 Julianus.

334 2315 491 2350 Extende
501 2315 608 2361 primo
620 2314 716 2348 istum
733 2325 889 2362 quartum
908 2312 1014 2349 casum
1026 2341 1035 2354 ,
1065 2323 1103 2348 ut
1121 2324 1243 2359 proce-

287 2364 346 2400 dat
361 2376 429 2398 non
440 2363 701 2410 solum‚quando
717 2374 784 2408 ego
800 2375 840 2396 ex
855 2363 922 2397 tuis
941 2362 1042 2397 doliis
1057 2360 1241 2407 elegissem,

285 2412 343 2447 sed
359 2412 458 2447 etiarn
475 2412 614 2459 quando
628 2421 666 2446 tu
686 2410 839 2457 elegisses
851 2411 904 2445 illa
919 2437 928 2453 ,
941 2422 1025 2458 quae
1043 2407 1242 2444 miliidedis-

285 2461 322 2502 ti,
338 2461 527 2496 dummodo
541 2461 629 2495 bona
642 2458 710 2492 fide
723 2458 853 2493 feceris.

331 2507 510 2556 Restringe
522 2506 725 2542 declarando
743 2508 834 2541 hunc
849 2508 971 2547 casum,
989 2515 1028 2541 ut
1042 2516 1079 2541 tu
1096 2506 1240 2541 tenearis

287 2556 369 2592 mihi
386 2557 508 2592 cedere
519 2556 667 2591 aftiones
682 2566 757 2590 tuas
774 2566 892 2590 contra
909 2554 1038 2589 fabrum
1059 2553 1220 2588 doliarem
1233 2581 1243 2596 ,

287 2605 349 2653 qui
364 2604 425 2640 tibi
441 2604 607 2645 vendidit,
624 2603 646 2637 fi
664 2615 748 2650 quas
758 2603 877 2637 habeas
890 2630 901 2644 ,
932 2603 1093 2649 &quales
1110 2603 1212 2637 habes
1233 2629 1243 2645 ‚

286 2654 345 2688 nifi
365 2651 457 2687 malis
472 2664 510 2688 tu
525 2662 642 2686 contra
656 2650 763 2698 ipsum
776 2663 877 2697 agere
891 2677 901 2692 ,
914 2652 948 2686 &
962 2650 1043 2684 mihi
1060 2651 1154 2697 quod
1175 2663 1245 2685 mea

285 2700 491 2736 extrinsecus
509 2700 653 2740 interest,
666 2711 784 2733 curare
798 2699 955 2745 praestari,
969 2699 1003 2734 d.
1018 2699 1041 2733 l.
1066 2710 1116 2740 ¹4-
1133 2699 1246 2734 Julia-

285 2761 356 2785 nus.
375 2750 408 2795 §.
420 2749 542 2796 penult.
552 2749 591 2793 ff.
615 2749 657 2782 de
670 2748 735 2781 afr.
753 2758 850 2793 empt.
868 2748 892 2782 l.
922 2760 976 2793 5²·
1001 2747 1086 2794 quod
1098 2747 1244 2781 debetur.

276 2799 319 2843 ff
340 2798 382 2832 de
392 2798 502 2844 pecul.
519 2797 589 2837 ubi,
603 2795 701 2844 quod
714 2795 872 2829 dominus
883 2795 1042 2830 liberatur
1057 2820 1067 2835 ‚
1084 2795 1243 2830 cedendo

285 2846 452 2881 actionem
469 2844 597 2891 illi,qui
616 2853 736 2879 contra
748 2853 823 2877 eum
834 2843 905 2889 agit
926 2842 970 2878 de
980 2842 1139 2889 peculio,
1166 2854 1245 2878 cum

285 2892 385 2928 servo
401 2893 487 2941 quid
509 2895 550 2927 ab
561 2891 722 2927 extraneis
739 2890 893 2931 debetur,
906 2891 940 2928 (ρ’
953 2892 1037 2925 l.62.
1050 2904 1123 2926 cum
1135 2893 1245 2939 inplu-

284 2954 350 2976 τες.
367 2943 399 2988 ξ.
417 2942 549 2990 meffem.
561 2942 605 2986 ff.
624 2942 685 2975 loc.
699 2939 755 2972 ubi
767 2965 777 2979 ,
795 2939 891 2986 quod
910 2950 986 2973 curn
1011 2939 1157 2973 colonus
1178 2951 1247 2974 non

285 2990 408 3026 habeat
423 2989 671 3026 condietionem
688 2987 846 3022 furtivam
865 2997 986 3022 contra
1003 2988 1161 3034 eum‚qui
1179 2987 1247 3022 fru-

287 3049 452 3078 mentum,
466 3036 618 3072 nondum
633 3037 651 3071 a
667 3035 794 3071 colono
815 3046 1032 3083 perceptum,
1055 3035 1220 3070 sustulerit
1236 3062 1247 3078 ‚

285 3085 343 3120 sed
355 3097 425 3120 eam
439 3086 558 3121 habeat
579 3084 733 3120 dominus
747 3083 1005 3125 fundi,c010nus
1014 3083 1125 3131 potest
1139 3095 1248 3131 coge-

284 3146 322 3168 re
340 3134 524 3174 dominum,
537 3142 576 3168 ut
589 3132 659 3179 ipse
669 3142 747 3178 agat

335 3181 467 3231 Neque
498 3181 584 3216 enirn
600 3180 702 3215 debet
733 3179 824 3214 faber
854 3179 1030 3227 culpabilis
1048 3181 1185 3216 relevari
1210 3192 1250 3216 ex

287 3240 342 3270 eo,
357 3230 454 3277 quod
473 3241 540 3265 non
556 3239 690 3275 emptor
704 3227 803 3269 suuS,
818 3239 932 3275 neque
949 3234 1024 3278 ejus
1054 3229 1174 3269 haeres,
1191 3228 1248 3264 sed

289 3279 412 3314 tertius
430 3277 584 3320 ,causam
608 3277 744 3318 habens,
770 3275 894 3311 etiamsi
917 3276 1001 3313 esset
1031 3276 1250 3320 donatarius,

292 3324 526 3362 damnificatus
550 3325 627 3360 fuit.

340 3375 541 3421 Substringe
566 3375 653 3408 banc
670 3371 948 3415 ressrinfflonem,
966 3377 983 3420 [
998 3374 1146 3422 haecque
1174 3373 1250 3408 sub-

293 3421 455 3458 restristio
477 3422 616 3457 infertur
636 3433 675 3455 ex
698 3419 919 3467 neceffitate]
942 3434 981 3458 ut
1000 3424 1032 3457 in
1059 3422 1135 3457 casu
1149 3450 1159 3465 ,
1177 3434 1250 3471 quo

290 3480 332 3506 tu
347 3469 494 3505 actiones
509 3484 577 3506 non
592 3469 704 3508 habes,
719 3481 786 3504 non
799 3468 898 3514 postis
909 3470 979 3505 illas
997 3470 1174 3511 cedere‚ut
1189 3482 1250 3516 pu-

292 3529 326 3554 ta
339 3544 349 3558 ‚
373 3527 411 3552 tu
430 3529 553 3552 emeras
577 3517 631 3551 illa
660 3516 751 3551 dolia
772 3529 840 3550 non
852 3516 1091 3565 principaliter,
1102 3518 1156 3553 sed
1173 3530 1251 3552 cum

295 3566 510 3600 universitate
525 3568 706 3605 bonorum,
720 3564 773 3598 vel
784 3576 820 3598 ea
838 3565 1000 3601 habuerat
1013 3578 1053 3600 ex
1074 3565 1251 3601 succeffio-

294 3625 356 3656 ne,
386 3615 440 3651 vel
458 3625 572 3650 canon
596 3613 639 3647 de
653 3624 746 3648 novo
768 3623 909 3655 emeraS,
922 3613 979 3650 sed
995 3624 1086 3650 erant
1098 3626 1139 3648 ex
1152 3614 1251 3649 doliis

668 154 1025 237 Sigismundi
1056 157 1298 214 Scacciae
1331 158 1527 233 Tradi.
1561 158 1635 217 de
1671 161 1964 218 Commer.

1297 246 1364 280 tuis
1383 246 1548 294 antiquis,
1576 260 1656 295 quae
1677 259 1738 294 pro
1762 246 1910 282 usu'tuo
1926 245 2148 293 religaveras3
2178 258 2248 282 cer-

1295 303 1330 328 te
1353 294 1421 339 istis
1446 295 1574 329 casibus
1596 308 1665 330 non
1691 295 1811 330 teneris
1838 305 1875 329 tu
1897 295 1929 329 in
1951 295 2005 337 id,
2032 295 2132 343 quod
2166 295 2250 329 inte-

1295 342 1359 375 rest
1376 369 1385 382 ,
1418 354 1529 389 neque
1564 344 1685 378 teneris
1719 341 1840 378 cedere
1859 342 2007 379 actiones
2021 369 2032 385 ,
2065 355 2150 391 quas
2181 354 2250 377 non

1295 388 1408 424 habes.

1344 438 1499 487 Extende
1513 438 1662 474 secundo
1676 464 1685 480 ,
1700 449 1739 473 ut
1752 438 1926 484 procedat,
1947 438 2046 475 etiam
2064 435 2091 473 Π
2105 449 2143 473 tu
2160 464 2170 480 ‚
2186 447 2249 474 tra-

1296 486 1410 521 dendo
1425 486 1512 521 dista
1530 487 1620 522 dolia
1639 487 1670 520 in
1692 487 1788 522 casib.
1817 486 1920 533 hujus
1953 485 2226 522 subressriftionis
2242 513 2252 528 ,

1296 533 1479 580 perfusorie
1490 537 1594 581 proba
1606 534 1834 575 affirmaveris,
1879 536 1913 569 ui
1932 534 2007 571 sunt
2025 536 2124 571 verba
2150 545 2255 570 teme-

1297 593 1342 621 re,
1355 582 1704 629 bonaque&simplici
1720 593 1832 617 mente
1876 583 1954 623 ista,
1975 596 2042 619 non
2056 583 2165 619 animo
2187 581 2254 617 sus-

1298 629 1444 676 cipiendi
1463 632 1495 664 in
1508 641 1541 665 te
1553 631 1753 676 periculum,
1766 640 1831 665 nec
1849 643 1901 666 me
1929 630 2215 667 circumveniendi
2240 658 2252 674 ‚

1297 689 1354 711 aut
1371 679 1578 723 provocandi
1589 679 1630 713 ad
1646 690 1683 712 ea
1696 678 1847 719 emenda,
1862 678 1915 713 sed
1933 679 2049 725 potius
2065 679 2176 713 animo
2194 679 2253 714 mi-

1298 726 1331 758 hi
1349 727 1437 760 bona
1449 726 1518 760 fide
1531 726 1809 769 commendandi3
1839 727 1928 761 unde
1940 727 2106 760 lubricum
2124 726 2253 774 linguae

1297 783 1422 808 temere
1451 773 1602 808 emissum
1618 801 1627 815 ,
1651 785 1718 808 non
1737 774 1836 808 facile
1866 775 1908 808 ad
1927 774 2169 821 obligationem
2185 801 2194 813 ,
2216 776 2252 811 &

1297 821 1571 869 consequentiam
1594 821 1798 867 inopinatam
1812 822 2008 857 trahendum
2040 823 2108 863 est,
2133 821 2254 858 sufficit

1300 881 1404 915 ergo,
1429 870 1527 917 quod
1551 882 1613 916 pro
1636 870 1807 904 communi
1835 881 1950 905 natura
1979 870 2118 905 astionis
2131 870 2252 907 reddas

1299 919 1377 951 milii
1392 928 1549 964 pretium,
1564 918 1663 952 doliis
1680 917 1865 958 redliibitis,
1879 918 1954 960 vel,
1967 919 1988 952 fi
2002 918 2169 953 redhiberi
2194 930 2253 954 ne-

1299 976 1438 1012 queant,
1452 977 1585 1013 quanto
1602 966 1736 1000 minoris
1755 966 1914 1007 emissem,
1927 967 2018 1013 quasi
2031 966 2252 1008 vendiderit,

1300 1014 1458 1059 ignorans
1488 1015 1660 1048 doliorum
1687 1013 1854 1048 defestum
1867 1041 1874 1054 ,
1904 1026 1975 1061 quo
2009 1013 2086 1048 casu
2118 1025 2255 1051 tenetur

1299 1061 1431 1096 actione
1459 1063 1582 1108 empti,
1604 1073 1733 1108 quanto
1756 1062 1889 1097 minoris
1914 1073 2046 1108 emptor
2069 1061 2215 1104 emisset,
2231 1063 2256 1097 fi

1301 1109 1468 1145 defestum
1496 1110 1660 1150 scivisset,
1687 1121 1723 1144 ut
1755 1110 1787 1144 in
1805 1122 1931 1157 pecore
1956 1108 2132 1151 morboso,
2157 1111 2191 1145 ὃ(
2213 1111 2257 1146 ti-

1300 1170 1370 1204 gno
1398 1158 1521 1193 v·ti0s0
1547 1159 1579 1193 lo
1612 1170 1702 1192 uitur
1727 1170 1791 1194 tex.
1814 1173 1844 1192 m
1869 1160 1903 1193 d.
1925 1159 1948 1192 1.
1971 1160 2146 1199 Julianus,
2164 1159 2257 1194 liaec-

1301 1217 1370 1253 que
1384 1208 1530 1241 exieniio
1546 1171 1679 1240 Videtur
1696 1207 1790 1251 posse
1803 1207 1935 1253 probari
1952 1218 1990 1241 ex
2009 1207 2030 1240 l.
2047 1219 2066 1254 7
2085 1207 2256 1254 famofiffi

1302 1255 1348 1287 ad
1366 1255 1649 1300 l.Jul.majest.ubi
1660 1254 1748 1289 iaesae
1761 1255 1938 1302 majestatis
1952 1255 2113 1295 crimen,fi
2122 1267 2180 1301 per
2194 1255 2257 1289 lin-

1301 1313 1383 1347 guae
1395 1303 1560 1337 lubricum
1574 1303 1610 1337 fit
1626 1302 1834 1337 commissum
1846 1331 1853 1344 ‚
1868 1303 1934 1337 sola
1950 1302 2144 1338 temeritatis
2154 1315 2256 1350 poena

1303 1350 1438 1385 videtur
1457 1350 1664 1392 puniendum
1681 1364 1686 1385 :
1705 1353 1738 1386 ὃς
1756 1351 1852 1398 quod
1869 1363 1935 1386 non
1950 1350 2072 1392 omnia,
2084 1363 2165 1398 quae
2179 1363 2257 1398 pro-

1304 1397 1458 1433 feruntur
1473 1401 1583 1437 verba,
1599 1397 1820 1444 proferantur,
1836 1410 1875 1433 ut
1901 1399 2074 1446 obligent,
2087 1400 2176 1434 clare
2201 1411 2256 1446 pa-

1303 1456 1352 1480 tet
1366 1447 1396 1480 in
1418 1447 1526 1481 verbis
1542 1447 1742 1486 liberalibus,
1756 1449 1882 1495 quibus
1896 1458 1957 1492 pro
1972 1448 2063 1481 bono
2078 1459 2171 1482 more
2188 1447 2258 1482 uti-

1301 1506 1377 1528 mur
1401 1494 1481 1529 dum
1517 1495 1676 1535 dicimus,
1692 1499 1844 1543 serrvitor
1874 1496 1911 1529 di
1935 1497 1973 1528 V.
2000 1497 2030 1530 S.
2059 1496 2091 1530 ὃ(
2118 1495 2229 1530 similia
2245 1521 2257 1536 ‚

1303 1542 1346 1576 de
1368 1543 1492 1590 quibus
1513 1544 1598 1577 bene
1616 1544 1710 1578 aiunt
1743 1543 1901 1590 Hispani,
1923 1544 2087 1589 palas-ras
2111 1544 2153 1578 de
2176 1543 2259 1578 hum

1301 1603 1394 1626 amor
1423 1605 1486 1626 non
1509 1593 1638 1639 obligan
1652 1604 1658 1625 :
1687 1592 1790 1626 verba
1832 1592 2057 1626 benevolentiae
2082 1604 2145 1627 non
2175 1591 2258 1626 ohli-

1299 1650 1392 1687 gans·

1350 1687 1480 1735 Neque
1495 1687 1576 1722 huic
1590 1687 1664 1722 casu
1681 1688 1791 1723 obstat
1804 1697 1916 1722 textus
1931 1691 1964 1722 in
1982 1687 2140 1735 l.21.sed
2149 1686 2257 1721 addes

1303 1737 1334 1781 ξ.
1356 1738 1428 1782 ¹·ff·
1447 1741 1505 1771 [oc.
1525 1737 1582 1770 ubi
1601 1737 1709 1783 siquis
1722 1737 1812 1770 dolia
1826 1736 1942 1771 vitiosa
1956 1735 2133 1777 locaverit,
2159 1738 2193 1772 ὃς
2207 1734 2258 1768 vi-

1302 1795 1380 1818 num
1408 1784 1594 1826 effluxerit,
1622 1786 1790 1819 tenebitur
1814 1784 1846 1818 in
1866 1784 2259 1832 id,quodinterest,nec

1303 1832 1492 1878 ignorantia
1507 1834 1580 1880 ejus
1599 1834 1662 1867 erit
1678 1832 1844 1867 excusata.

1352 1880 1448 1923 Quia
1457 1881 1656 1928 respondeo,
1676 1881 1772 1928 quod
1789 1881 1820 1914 in
1837 1882 1968 1922 vafis,&
1983 1880 2084 1916 doliis
2099 1879 2260 1926 frequen-

1304 1928 1370 1963 tius
1383 1929 1521 1971 accidit,
1535 1929 1705 1964 imminere
1717 1928 1907 1975 specificum
1922 1929 2110 1976 periculum
2135 1927 2258 1962 extrin-

1303 1975 1413 2011 secum
1425 1978 1559 2012 aliarum
1577 1989 1696 2018 rerum,
1712 1979 1809 2011 &lex
1825 1977 1866 2011 ad
1884 1989 1932 2019 ea,
1947 1989 2028 2024 quae
2046 1976 2261 2023 frequentius

1301 2025 1474 2066 accidunt,
1489 2027 1678 2072 adaptatur,
1695 2025 1749 2059 sed
1770 2025 1908 2072 quando
1930 2027 2007 2074 quis
2031 2025 2148 2060 vendit
2169 2023 2262 2058 bona

1301 2071 1370 2107 fide
1383 2074 1474 2107 dolia
1490 2087 1528 2108 ex
1540 2073 1698 2120 antiquis,
1715 2085 1796 2121 quae
1809 2075 1952 2108 habebat
1968 2086 2029 2120 pro
2044 2071 2106 2112 usu
2117 2071 2260 2115 su0,ces-

1302 2120 1348 2155 sat
1364 2121 1560 2168 specificum
1575 2122 1778 2168 periculum.

1352 2170 1506 2214 Quintus
1523 2170 1629 2211 casus,
1642 2171 1675 2204 δε
1688 2171 1733 2204 est
1748 2169 1857 2205 similis
1876 2168 2171 2217 praecedentibus,
2191 2168 2259 2203 Fa-

1302 2218 1361 2252 ber
1375 2219 1591 2258 materiarius,
1608 2218 1725 2253 vendit
1739 2218 1817 2252 mihi
1834 2219 1936 2265 tigna,
1954 2231 2021 2254 non
2033 2227 2190 2265 tanquam
2200 2217 2260 2251 de-

1299 2266 1426 2306 stinata,
1444 2267 1610 2302 &idonea
1620 2266 1661 2301 ad
1677 2267 1799 2302 domos
1809 2266 2008 2308 fulciendas,
2026 2265 2082 2300 sed
2099 2276 2261 2314 tanquam

1298 2315 1422 2349 nudam
1439 2315 1618 2356 materiam,
1641 2315 1692 2348 vel
1714 2315 1756 2349 ad
1779 2316 1870 2349 aliud
1885 2341 1894 2356 ,
1911 2327 1980 2362 ego
1997 2327 2036 2350 ea
2063 2323 2234 2349 converto
2248 2338 2260 2355 ,

1298 2371 1456 2411 tanquam
1472 2363 1604 2403 idonea,
1623 2363 1666 2397 ad
1686 2363 1871 2399 fulciendas
1886 2362 2019 2404 domos,
2039 2363 2162 2397 domus
2179 2373 2257 2396 cor-

1298 2421 1365 2446 ruit
1372 2437 1405 2492 ss
1416 2421 1509 2446 certe
1521 2410 1624 2455 faber,
1646 2412 1706 2459 qui
1723 2412 1888 2453 vendidit,
1903 2423 1973 2447 non
1999 2416 2135 2446 tenetur
2151 2410 2194 2446 ad
2208 2409 2261 2444 in-

1298 2470 1370 2494 tere
1398 2471 1427 2493 e.

1347 2505 1388 2541 In
1401 2506 1498 2542 tertia
1512 2506 1726 2554 iuspeffime,
1745 2508 1788 2543 de
1802 2520 1870 2556 qua
1879 2508 2054 2556 fhprafitb
2084 2488 2171 2542 numi
2198 2517 2259 2554 73.
2311 2518 2313 2522 ⁴

1298 2555 1484 2597 concludo,
1504 2555 1597 2602 posse
1610 2558 1663 2604 agi
1679 2556 1719 2590 ad
1737 2555 1891 2591 interesse
1905 2557 2014 2604 usque
2033 2555 2076 2591 ad
2090 2554 2232 2602 duplum
2247 2579 2258 2596 ,

1298 2605 1332 2639 &
1366 2604 1409 2638 fic
1434 2604 1480 2638 est
1507 2605 1604 2640 locus
1635 2605 1788 2653 regulae,
1811 2605 1879 2647 sed,
1896 2615 1932 2641 ut
1947 2604 2088 2640 solidior
2100 2611 2260 2650 appareat

1297 2651 1422 2686 veritas
1444 2652 1547 2698 hujus
1565 2652 1804 2693 conclufionis,
1826 2653 2054 2700 procedamus
2084 2650 2256 2698 exemplis.

1346 2699 1568 2747 Exemplifica
1593 2701 1702 2748 primo
1716 2726 1725 2742 ,
1752 2700 1962 2746 igiturlianc
1983 2700 2256 2741 conclusionem,

1297 2749 1436 2796 quando
1468 2758 1506 2783 tu
1521 2775 1531 2789 ,
1555 2750 1666 2796 pretio
1689 2749 1708 2784 a
1726 2760 1780 2782 me
1802 2761 1948 2796 accepto
1966 2776 1975 2791 ,
2001 2747 2182 2784 vendidisti
2195 2747 2259 2782 mi-

1297 2797 1333 2830 hi
1355 2796 1446 2844 tigna
1459 2823 1468 2838 ,
1487 2797 1522 2831 &
1545 2797 1719 2843 promifisti
1739 2809 1777 2831 ea
1805 2798 1938 2833 tradere
1959 2797 2014 2833 tali
2032 2796 2090 2831 die
2103 2822 2112 2838 ‚
2136 2795 2168 2830 in
2182 2806 2258 2843 quo

1297 2844 1388 2880 fuisti
1398 2844 1559 2887 morosus,
1573 2845 1607 2880 δε
1628 2855 1696 2880 non
1711 2845 1897 2887 tradidisti,
1921 2847 1955 2882 δε
1969 2857 2037 2893 ego
2056 2856 2096 2879 ex
2111 2853 2171 2879 tua
2185 2855 2261 2879 rno-

1299 2905 1355 2934 ra,
1384 2893 1417 2927 &
1442 2905 1511 2928 non
1541 2892 1724 2928 traditione
1757 2891 1868 2940 passus
1890 2892 1955 2929 sum
1987 2895 2168 2933 damnum,
2201 2889 2258 2927 vel

1298 2941 1428 2988 aliquid
1453 2941 1567 2983 amisi,
1597 2943 1630 2976 &
1663 2941 1708 2976 sic
1741 2953 1814 2975 mea
1850 2940 2053 2977 extrinsecus
2077 2938 2259 2982 interfuit,

1299 3000 1392 3024 certe
1411 3000 1520 3023 meum
1543 2988 1700 3024 interesse
1732 2989 1879 3024 versatur
1913 2990 1946 3024 in
1982 2987 2058 3023 casu
2075 3014 2085 3030 ,
2110 2987 2262 3028 habente

1299 3047 1423 3072 certam
1455 3037 1677 3085 quantitatem
1694 3065 1703 3080 ,
1723 3036 1782 3072 seu
1809 3047 1959 3072 naturam
1985 3038 2018 3071 &
2034 3036 2114 3071 ideo
2140 3046 2180 3073 tu
2210 3046 2261 3072 te-

1299 3085 1386 3120 neris
1415 3084 1457 3120 ad
1482 3085 1564 3120 illud
1580 3113 1588 3127 ‚
1609 3085 1752 3121 sednon
1782 3085 1892 3132 potest
1923 3085 2088 3120 excedere
2113 3083 2259 3132 duplum

1299 3132 1397 3181 pretii
1428 3133 1602 3180 tignorum
1625 3134 1840 3170 venditorum
1857 3145 1870 3177 ;
1885 3144 1959 3168 nam
1977 3144 2055 3167 cum
2069 3132 2166 3167 causa
2177 3144 2260 3179 pro-

1298 3182 1407 3223 xima,
1435 3180 1490 3216 seu
1517 3182 1677 3229 inquam,
1702 3182 1889 3217 immediata
1908 3208 1917 3222 ‚
1941 3193 1982 3216 ex
2011 3192 2079 3228 qua
2107 3190 2182 3215 orta
2210 3180 2259 3215 est

1299 3229 1466 3275 obligatio
1496 3230 1539 3265 ad
1559 3229 1735 3272 interesse,
1764 3242 1831 3265 non
1859 3229 1999 3264 haberet
2021 3228 2112 3265 aliud
2126 3228 2259 3275 specifi-

1299 3289 1377 3313 cum
1401 3278 1574 3325 objectum
1607 3290 1706 3326 quam
1732 3278 1819 3314 dieta
1845 3278 1938 3326 tigna
1969 3288 2137 3312 eorumve
2154 3276 2259 3311 tradi-

1300 3326 1427 3360 tionem
1443 3352 1453 3368 ,
1480 3337 1563 3374 quae
1587 3326 1712 3362 habent
1729 3336 1875 3365 certam,
1900 3326 1934 3361 &
1963 3325 2135 3360 limitatam
2159 3335 2257 3360 natu-

1299 3387 1366 3408 ram
1384 3400 1393 3414 ,
1418 3373 1528 3410 sumus
1548 3374 1581 3409 in
1607 3374 1756 3410 terminis
1774 3375 1932 3420 regu1ae;
1957 3374 2001 3409 de
2016 3383 2084 3419 qua
2097 3375 2173 3425 sup.
2183 3372 2257 3417 sub.
2274 3387 2276 3389 >

1298 3434 1421 3456 numer.
1447 3435 1504 3467 99.
1536 3425 1623 3470 vers.
1636 3422 1680 3469 stt
1695 3436 1782 3472 ergo.
1803 3422 1894 3457 &est
1912 3422 2011 3456 locus
2026 3420 2190 3455 taxationi
2203 3419 2257 3454 di·

1300 3470 1364 3504 &ae
1390 3471 1414 3504 l.
1440 3474 1560 3512 unicae,
1585 3481 1625 3505 ut
1642 3471 1797 3505 interesse
1817 3482 1883 3505 non
1903 3468 1999 3516 possit
2013 3467 2176 3502 excedere
2190 3467 2256 3502 du-

1300 3519 1392 3563 plum
1407 3519 1504 3564 pretii
1520 3519 1704 3565 tignorum,
1714 3518 1867 3567 quamvis
1889 3520 1935 3552 ob
1950 3528 2014 3551 non
2037 3514 2259 3552 traditionem,

1299 3565 1446 3612 ipsorum
1456 3567 1577 3602 domus
1590 3578 1660 3600 mea
1671 3568 1812 3607 corruit,
1826 3567 1941 3613 sicque
1963 3574 2033 3598 mea
2052 3563 2156 3609 longe
2179 3563 2256 3609 plu.

1300 3614 1343 3650 ris
1368 3613 1494 3652 interfit
1529 3615 1614 3652 ultra
1639 3614 1779 3662 duplum
1809 3609 2040 3649 aestimationis
2066 3610 2252 3694 tigssgfflm·

2172 3667 2258 3695 ecus
