2400 3939
212 180 323 253 416

213 279 280 303 rem
298 291 307 306 ‚
325 266 359 299 ὅ(
386 261 574 298 debitorem
591 287 599 303 ‚
619 262 651 295 ὅ(
678 259 823 293 similiter
841 258 973 304 pat‘ium
992 257 1075 303 legis
1100 267 1196 289 com-

217 313 377 351 mifforiae
392 338 400 350 ,
414 310 573 358 quamvis
593 309 631 343 fit
651 305 835 356 permissus,
853 307 883 339 ὃ(
903 306 1094 352 permislum
1112 305 1197 339 inter

218 364 413 397 debitorem
436 361 468 393 &
486 357 623 392 tertium
638 384 646 397 ,
662 367 699 389 ut
715 354 926 401 retulisupra
944 356 1038 400 §⁴¹4
1050 362 1197 398 t.n.503.

224 413 270 446 ita
287 409 387 442 etiam
410 406 602 453 prohibitus
619 404 685 438 esse
703 403 806 437 debet
824 402 1019 436 contractus
1040 401 1099 434 iste
1117 412 1197 446 pro-

226 456 428 495 ciiratorius‚
449 454 506 488 seu
523 451 750 499 fidejufforius
770 451 854 484 inter
869 450 1070 483 creditorem
1088 449 1121 483 ὅ(
1136 447 1196 482 de·
1231 451 1233 454 '

226 506 374 542 bitorem
398 502 544 542 cambii,
568 500 721 548 quamvis
746 498 781 534 sit
808 497 979 544 permissus
997 497 1082 532 inter
1100 495 1197 532 debi-

229 565 337 591 torem
358 553 391 587 &
417 550 564 584 tertium.

278 602 368 636 Nam
386 626 394 639 ,
412 597 581 645 quicquid
609 595 646 629 sit
669 594 713 629 de
735 594 878 629 veritate
900 594 1003 640 hujus
1029 590 1198 639 objeftio-

231 650 281 685 iiis
297 677 306 690 ,
329 648 360 682 in
378 658 446 694 qua
473 657 525 680 me
555 644 692 679 remitto
714 642 755 675 ad
779 653 816 676 ea
833 668 842 682 ‚
865 654 944 689 qtiae
966 642 1074 689 scripfi
1093 641 1198 686 d.q.r.

232 711 319 734 num.
338 707 414 742 503.
435 695 580 741 &seqffl
607 690 797 737 respondeo
817 716 826 731 ,
853 691 952 739 quod
976 691 1087 725 sumus
1109 697 1200 721 extra

234 747 310 781 illos
336 744 520 782 terminos,
545 739 626 788 quia
651 738 816 772 cambium
845 752 915 774 non
945 740 989 774 est
1012 746 1169 773 mutuum
1189 759 1200 776 ‚

236 794 294 829 sed
319 792 364 828 esi
387 791 514 837 emptio
539 790 573 823 &
596 787 752 821 venditio
768 813 776 826 ‚
801 796 840 821 ut
864 789 931 822 late
949 785 1079 823 ostendi
1093 787 1201 832 supra

234 846 303 889 §.n
324 856 353 888 q.
375 851 407 881 4.
429 852 513 874 num.
543 850 597 871 21.
623 847 737 883 neque
764 835 811 869 est
835 836 969 882 padum
995 835 1080 882 legis
1104 843 1202 867 com-.

235 888 404 925 missoriae.
845 900 847 903 ’

284 937 438 974 Ulterius
454 933 643 981 campsores
659 959 668 974 ‚
685 932 801 968 dantes
817 932 949 967 cambio
965 959 974 974 ,
988 941 1027 967 ut
1047 929 1130 965 huic
1143 930 1204 964 ob-

237 984 374 1034 iefitioni
393 994 599 1022 occurrant,
620 992 759 1028 remque
773 982 790 1015 a
808 980 1034 1027 disputatione
1048 979 1204 1019 eximant,

236 1031 271 1072 Bc
287 1033 511 1082 provisionem
529 1041 626 1066 certo
651 1029 900 1077 consequantur
915 1055 924 1069 ‚
945 1028 1110 1062 cambium
1127 1037 1206 1060 curn

238 1082 370 1120 recursa
396 1078 595 1126 concipiunt
623 1104 632 1117 ‚
657 1089 724 1111 non
755 1079 786 1111 iti
815 1076 985 1124 personam
1006 1075 1105 1122 ipfius
1135 1085 1206 1109 cre-

240 1131 386 1170 ditoris,
417 1127 473 1162 sed
497 1129 529 1161 in
553 1125 724 1173 personam
748 1126 880 1172 agentis
900 1152 909 1166 ‚
932 1124 987 1158 seu
1010 1123 1207 1168 correspon-

241 1179 353 1217 dentis
377 1176 478 1224 ipsius
504 1174 683 1209 creditoris
705 1200 715 1215 ‚
751 1175 811 1221 qui
839 1173 947 1207 eidem
982 1173 1094 1219 agenti
1119 1182 1208 1205 inan-

241 1229 302 1263 det
319 1254 328 1268 ,
357 1238 397 1261 ut
424 1223 530 1259 solvat
554 1223 610 1256 fibi
632 1221 690 1269 ipsi
717 1235 778 1269 pro
805 1223 962 1256 debitore
977 1248 987 1262 ,
1014 1233 1050 1254 ut
1073 1218 1140 1254 dixi
1161 1221 1208 1251 in-

235 1279 299 1327 fra
329 1278 361 1322 ξ.
380 1276 411 1308 6.
435 1273 484 1322 gl.
516 1285 544 1307 1.
564 1283 653 1306 num.
680 1272 736 1305 60.
765 1271 799 1308 (θ’
820 1283 877 1317 90.
905 1272 939 1304 &
960 1272 1004 1303 iic
1029 1268 1128 1303 cessat
1152 1266 1211 1300 ista

244 1323 438 1361 difficultas.

296 1374 425 1408 Verum
445 1369 466 1402 fi
482 1378 520 1402 tu
538 1368 682 1408 inssares,
700 1368 925 1415 provisionem
942 1367 1057 1401 adliuc
1071 1376 1138 1399 non
1155 1364 1213 1416 ἀεῖ

246 1421 319 1457 beri
337 1433 349 1464 ς
368 1420 433 1453 sive
454 1417 605 1452 creditor
620 1443 628 1457 ‚
652 1416 759 1453 solvat
781 1418 837 1451 fibi
856 1416 924 1463 ipse
941 1443 949 1457 ‚
974 1415 1040 1448 five
1056 1413 1162 1448 solvat
1184 1422 1214 1445 ei

251 1469 372 1504 tertius
399 1480 411 1510 ·‚
430 1466 510 1514 quia
537 1465 621 1499 ficut
651 1466 801 1500 creditor
818 1491 827 1506 ‚
850 1463 1012 1499 solvendo
1035 1462 1093 1496 fibi
1120 1459 1188 1507 ipse
1206 1486 1216 1500 ,

254 1516 422 1553 contrahit
447 1515 521 1549 cum
551 1513 708 1548 debitore
732 1525 860 1549 novum
884 1513 1049 1547 cambium
1077 1522 1115 1543 ex
1144 1520 1217 1556 quo

255 1568 405 1600 lucratur
423 1562 564 1609 pretium
582 1562 723 1603 cambii,
741 1562 840 1597 &illa
857 1561 967 1607 omnia
985 1559 1096 1595 officia
1110 1585 1117 1599 ‚
1135 1568 1218 1604 quae

255 1615 334 1649 satit
358 1625 420 1657 pro
446 1610 600 1645 debitore
615 1635 624 1648 ‚
642 1608 714 1645 sunt
732 1610 954 1645 consecutiva
973 1608 1013 1642 ad
1037 1618 1219 1653 nogotium

257 1675 321 1697 carr
332 1662 376 1694 bii
397 1688 406 1700 ,
425 1658 521 1707 quod
545 1658 633 1704 gerit
653 1671 714 1704 pro
744 1658 774 1693 se
794 1657 866 1704 ipso
883 1684 891 1697 ‚
917 1657 1068 1704 ideoque
1090 1656 1133 1689 de
1159 1653 1221 1688 illis

255 1724 325 1745 nori
352 1708 431 1743 esset
457 1705 609 1741 habenda
636 1708 720 1741 ratio
746 1719 758 1750 3
786 1707 830 1740 ita
853 1705 951 1739 etiam
980 1704 1100 1740 tertius
1124 1728 1134 1743 ‚
1160 1701 1222 1735 sol-

258 1759 372 1793 vendo
395 1755 553 1803 pecunias
578 1755 729 1800 proprias
760 1754 919 1789 creditori
948 1780 957 1794 ‚
985 1751 1154 1787 contrabit
1183 1761 1223 1783 ex

258 1807 322 1841 illis
345 1817 422 1840 cum
447 1804 603 1838 debitore
633 1803 799 1837 cambium
831 1829 839 1843 ‚
871 1814 910 1836 ex
937 1813 1010 1849 quo
1040 1802 1187 1834 lucratur
1214 1823 1223 1838 ,

261 1857 295 1890 ὅ(
319 1855 371 1888 illa
400 1852 510 1888 officia
542 1851 615 1885 sunt
648 1850 793 1885 fimiliter
821 1849 1041 1885 consecutiva
1065 1848 1107 1882 ad
1137 1859 1224 1882 carn-

259 1904 354 1939 bium
384 1915 392 1937 :
422 1900 506 1947 quid
533 1899 617 1933 enim
652 1898 784 1934 interest
813 1899 971 1933 solventis
993 1923 1002 1938 ,
1031 1896 1129 1944 quod
1159 1895 1225 1929 sol-

262 1962 320 1986 vat
341 1951 398 1997 ipfi
422 1947 593 1987 debitori,
620 1948 671 1982 vel
695 1948 796 1995 ipsius
822 1945 985 1982 creditori
1005 1945 1049 1980 de
1068 1944 1227 1980 mandato

262 1996 456 2034 debitoris?

314 2047 393 2093 Ego
423 2043 610 2090 respondeo
630 2069 638 2085 ‚
661 2042 758 2090 quod
785 2054 862 2078 cum
890 2042 951 2076 ifle
974 2041 1094 2077 tertius
1111 2040 1169 2075 det
1186 2038 1229 2073 ad

265 2096 431 2131 cambium
460 2092 607 2128 debitori
640 2091 684 2126 de
716 2090 836 2126 ordine
863 2090 1041 2125 creditoris
1061 2116 1071 2130 ‚
1107 2090 1231 2135 utique

265 2144 416 2179 creditor
430 2151 574 2176 remanet
591 2140 741 2186 ejusdem
755 2140 845 2175 tertii
860 2138 1037 2185 fidejussor
1048 2164 1058 2179 ,
1073 2149 1110 2172 ut
1122 2135 1229 2182 scripfi

266 2194 372 2239 inf.§.
398 2192 429 2224 6.
451 2188 614 2238 gl.i.sub
634 2200 720 2221 num.
743 2199 794 2232 57.
824 2200 877 2233 59.
897 2188 932 2224 (ρ’
951 2189 1007 2223 6ι.
1028 2188 1060 2220 &
1088 2186 1231 2219 similiter

266 2252 344 2274 cum
367 2239 514 2272 laborem
539 2237 629 2270 illum
657 2236 808 2270 solvendi
831 2235 992 2272 creditori
1016 2262 1025 2277 ,
1058 2235 1091 2269 ὃς
1121 2233 1229 2269 extin-

265 2287 395 2334 guendi
419 2285 575 2320 debitum
600 2283 753 2328 suscipiat
784 2284 881 2319 etiam
905 2284 950 2318 de
980 2284 1100 2318 ordine
1132 2282 1232 2330 ipsius

267 2334 446 2371 creditoris
468 2359 479 2374 ,
512 2333 635 2379 utique
665 2331 800 2366 debitor
826 2333 931 2367 debet
960 2330 1124 2367 creditori
1152 2342 1230 2377 pro-

268 2385 427 2419 visionem
449 2410 459 2424 ,
494 2390 567 2416 turn
594 2380 724 2414 ratione
751 2379 973 2427 fidejussionis
995 2407 1005 2422 ‚
1030 2392 1102 2416 turn
1129 2378 1233 2413 ratio-

268 2445 311 2468 ne
335 2431 458 2467 laboris
485 2429 529 2464 de
549 2430 624 2474 ejus
654 2428 775 2463 ordine
798 2429 939 2474 suscepti
963 2429 982 2463 a
1009 2428 1112 2464 tertio
1134 2453 1144 2468 ,
1174 2425 1235 2474 qui

270 2480 370 2516 solvit
389 2507 399 2521 ,
439 2480 474 2514 &
508 2477 652 2523 proinde
681 2477 829 2522 provisio
865 2478 1008 2512 debetur
1035 2489 1103 2512 non
1133 2475 1236 2510 tertio

270 2528 414 2563 solventi
432 2555 441 2568 ‚
462 2526 516 2560 sed
541 2524 704 2560 creditori
718 2551 728 2566 ‚
754 2526 854 2573 cujus
887 2526 1006 2560 ordine
1020 2553 1028 2567 ,
1048 2527 1081 2560 ὅ(
1100 2523 1235 2560 credito

268 2577 310 2612 fit
331 2576 469 2611 solntio.
686 2587 688 2590 ·

320 2625 439 2659 Tertia
465 2621 638 2657 dubitatio
665 2632 673 2655 :
704 2632 833 2658 retenta
860 2622 924 2656 hac
949 2620 1070 2656 cambii
1093 2618 1236 2655 recursoe

271 2673 528 2719 conceptione,
553 2681 620 2717 qua
655 2671 842 2717 campsores
874 2680 1020 2705 utuntur
1048 2669 1091 2703 ad
1118 2668 1236 2703 conse-

271 2720 442 2770 quendam
463 2719 705 2766 provisionem,
725 2720 759 2753 δε
775 2730 843 2765 qua
867 2719 934 2754 tuti
955 2717 1061 2753 hodie
1079 2716 1237 2751 videntur

273 2771 310 2805 in
335 2766 411 2803 foro
439 2766 503 2802 fori
531 2779 545 2810 ·,
570 2767 725 2813 nunquid
758 2776 858 2801 erunt
885 2767 951 2804 tuti
979 2766 1077 2802 etiarn
1102 2765 1135 2799 in
1158 2764 1237 2799 foro

273 2816 491 2854 conscientiae
514 2814 527 2850 ἒ

323 2865 431 2900 Prima
444 2863 531 2898 facie
544 2863 680 2898 videtur
694 2862 877 2898 dicendum
891 2890 900 2904 ,
917 2862 1014 2911 quod
1027 2873 1097 2895 non
1112 2861 1192 2909 quia
1204 2860 1239 2894 in

273 2914 353 2950 foro
372 2913 588 2948 conscientiae
605 2923 718 2946 coram
734 2911 815 2946 Deo
829 2912 1016 2946 attenditur
1036 2910 1159 2945 veritas
1173 2935 1184 2950 ‚
1199 2919 1238 2944 ut

275 2962 385 3008 scripsi
395 2963 495 3008 supra
507 2963 537 3007 ξ.
547 2973 608 3007 1.q.
619 2972 700 3006 t.n.5
710 2971 763 3003 ²9·
777 2971 854 2994 curn
871 2961 956 2996 enirn
969 2960 1038 3006 ipse
1052 2958 1089 2993 sit
1103 2958 1238 2999 veritas,

275 3012 311 3046 ὅ(
328 3013 383 3044 lux
395 3035 404 3050 ,
427 3021 538 3043 omnia
557 3020 668 3043 coram
685 3019 727 3042 eo
742 3007 818 3043 sunt
836 3010 926 3043 nuda
940 3035 949 3049 ,
971 3009 1004 3044 &
1022 3006 1108 3041 clara
1122 3020 1129 3042 :
1143 3018 1238 3053 ergo,

277 3071 355 3094 cum
372 3059 403 3092 in
418 3057 463 3090 rei
488 3056 628 3091 veritate
645 3055 769 3090 solutio
784 3056 842 3090 fiat
861 3057 901 3090 ab
922 3057 1065 3103 ipsomet
1088 3055 1238 3089 credito-

279 3119 316 3143 re
336 3106 379 3140 de
398 3105 529 3138 suismet
553 3105 726 3150 pecuniis,
741 3105 774 3138 ὅ(
793 3105 1022 3151 principaliter
1043 3102 1138 3138 causa
1158 3114 1237 3148 pro—

279 3155 342 3203 prii
360 3154 443 3187 lucri
461 3180 469 3190 ,
486 3153 573 3186 nulla
589 3151 634 3185 esi
656 3151 806 3186 habenda
826 3152 911 3187 ratio
929 3154 973 3188 de
990 3152 1043 3186 illa
1069 3150 1240 3186 solutione

279 3203 412 3251 palliata
428 3228 437 3242 ‚
454 3200 537 3235 faeta
554 3202 594 3234 ab
617 3211 740 3246 agente
753 3226 760 3240 ‚
784 3200 889 3234 veluti
914 3202 958 3235 de
974 3199 1118 3247 propriis
1135 3211 1237 3245 pecu-

280 3251 343 3286 niis
357 3277 365 3289 ,
384 3260 498 3296 neque
514 3248 557 3282 de
577 3248 635 3281 illo
653 3248 768 3282 labore
780 3274 788 3288 ‚
806 3250 840 3282 ὃς
856 3249 1008 3294 periculo
1024 3247 1176 3282 virtualis
1198 3247 1237 3281 fi-

281 3297 497 3344 dejtfiionis,
517 3296 594 3342 qnia
613 3296 663 3329 illa
682 3295 755 3330 sunt
778 3296 931 3330 ordinata
952 3298 993 3331 ad
1015 3297 1144 3329 lucrum
1162 3308 1239 3341 pro-

281 3347 390 3394 prium
413 3345 510 3392 quod
537 3343 616 3379 facit
638 3356 676 3377 cx
705 3344 761 3377 illo
781 3355 876 3378 novo
899 3345 1030 3379 cambio
1056 3356 1069 3386 ;
1088 3344 1239 3391 quinimo

282 3395 360 3429 haec
378 3393 441 3438 ipsa
464 3392 627 3427 simulatio
649 3392 762 3438 arguit
778 3418 787 3431 ‚
810 3391 1012 3427 simulantem
1037 3392 1180 3425 scienter
1205 3393 1239 3426 ὅ(

282 3442 452 3477 volentem
471 3452 612 3485 peccare
637 3450 756 3474 contra
780 3441 947 3486 propriam
968 3439 1205 3475 conscientiam
1228 3466 1239 3480 ‚

283 3490 364 3539 quia
383 3488 441 3534 qui
466 3489 550 3522 male
570 3488 640 3534 agit
656 3514 664 3528 ‚
685 3487 759 3522 odit
780 3489 902 3522 lucem.

331 3536 508 3572 Contraria
530 3537 646 3582 opinio
673 3534 808 3570 videtur
834 3535 978 3571 tenenda
999 3548 1039 3570 ex
1060 3535 1100 3569 iis
1122 3561 1131 3576 ‚
1159 3546 1240 3582 quae

284 3585 353 3620 dixi
370 3587 474 3632 sttpra
496 3587 581 3631 vers.
601 3587 702 3630 opinio
719 3584 935 3629 affirmativa.

331 3634 413 3668 Non
442 3631 550 3666 obstat
567 3658 576 3672 ‚
601 3630 698 3678 quod
716 3631 822 3666 solvat
843 3632 992 3666 simulate
1007 3643 1046 3664 ex
1064 3630 1126 3665 suis
1140 3642 1242 3676 pecu-

285 3681 346 3715 niis
357 3708 365 3724 ,
378 3679 459 3729 quia
474 3680 663 3727 respondeo
678 3705 686 3720 ,
703 3680 801 3725 quod
819 3692 886 3715 non
900 3679 1041 3721 fimulat,
1057 3679 1136 3726 quia
1149 3679 1241 3721 sciat,

619 166 975 251 Sigismundi
1001 168 1242 225 Scacciae
1272 167 1471 226 Tradi.
1498 166 1572 225 de
1601 169 1894 228 Commer.

1248 255 1340 291 illum
1367 258 1474 291 adum
1497 256 1561 291 effe
1588 257 1744 291 illicitum
1767 284 1775 297 ‚
1802 259 1859 292 seu
1889 256 2100 303 prohibitum
2123 270 2137 302 ;
2158 259 2215 295 sed

1248 305 1329 351 quia
1352 304 1509 346 dubitat,
1529 318 1571 340 ne
1594 306 1687 339 astus
1703 332 1711 346 ‚
1739 317 1842 352 quem
1868 305 1900 340 in
1924 306 2129 351 conscientia
2145 307 2215 341 exi-

1248 353 1361 387 stimat
1389 353 1523 387 licitum
1550 380 1560 396 ‚
1592 353 1615 387 fi
1654 365 1804 388 meretur
1829 354 1862 388 in
1888 352 1968 388 foro
2005 353 2072 389 sori
2100 355 2151 390 uti
2175 355 2214 389 il-

1251 400 1377 436 licitus.

1300 449 1418 483 Minus
1451 450 1564 496 obstat
1593 476 1602 491 ‚
1632 448 1730 497 quod
1763 449 1857 484 labor
1882 450 1917 484 &
1942 449 2129 495 periculum
2155 452 2216 486 sint

1249 497 1404 532 ordinata
1420 499 1652 544 principaliter
1668 498 1711 532 ad
1730 499 1902 544 proprium
1924 499 2058 533 lucrum
2073 513 2081 535 :
2099 502 2132 535 &
2149 513 2219 534 non

1250 545 1293 580 ad
1311 544 1482 580 servitium
1500 545 1672 593 campsarii
1684 572 1693 587 ‚
1709 545 1874 581 debitoris
1889 573 1897 586 ,
1914 547 1995 594 quia
2017 547 2218 594 respondeo,

1252 593 1355 627 licere
1372 594 1561 628 mercedem
1579 594 1707 628 sumere
1737 593 1836 629 etiam
1858 606 1897 628 ex
1922 595 2039 629 labore
2065 621 2074 636 ,
2103 596 2121 631 ὲ
2146 608 2219 644 quo

1253 640 1348 675 alteri
1368 653 1426 688 per
1450 642 1609 676 accidens
1624 640 1757 678 resultat
1773 642 1901 677 utilitas
1917 669 1926 684 ‚
1947 643 2064 689 sicque
2077 643 2109 677 in
2126 656 2221 679 com-

1255 691 1420 726 mutativa
1441 690 1570 737 justitia
1592 690 1780 725 attenditur
1799 691 1898 737 quod
1917 691 2010 725 venit
2029 691 2222 727 consecuti-

1255 748 1298 772 ve
1314 750 1322 772 ε
1338 740 1372 774 &
1390 749 1458 772 non
1474 738 1509 772 id
1524 765 1533 778 ‚
1550 738 1647 787 quod
1672 738 1898 785 principaliter
1919 739 2032 786 agitur
2048 765 2058 780 ‚
2076 740 2155 775 licet
2172 751 2222 775 re-

1255 786 1336 832 gula
1354 786 1392 821 sit
1411 786 1444 820 in
1463 788 1669 822 contrarium
1686 798 1700 830 ;
1716 798 1822 833 quare
1838 786 1860 820 fi
1877 787 1956 834 quis
1969 813 1978 828 ‚
1997 798 2143 834 urgente
2165 800 2223 837 ne:

1257 833 1406 869 cessitate
1421 861 1431 876 ,
1448 845 1635 881 cogeretur
1649 834 1788 869 crastina
1804 835 1860 869 die
1881 835 2008 871 litteras
2031 836 2164 871 mittere
2184 845 2225 872 eit

1258 882 1356 917 Urbe
1372 883 1415 917 ad
1437 882 1671 918 Tusculanum
1685 885 1720 918 δε
1735 884 1768 917 in
1783 883 1880 918 Urbe
1900 882 2065 918 inveniret
2087 882 2226 920 Tuscu·-

1258 931 1369 965 lanum
1385 957 1394 972 ‚
1419 931 1608 967 rediturum
1626 931 1765 966 crastina
1788 931 1846 965 die
1869 932 1912 965 ad
1935 931 2124 968 Tusculum
2139 960 2150 975 ,
2170 934 2225 969 vel

1261 978 1427 1014 inveniret
1459 979 1559 1014 alium
1583 1006 1593 1021 ‚
1619 979 1682 1027 qui
1700 979 1784 1014 illud
1811 979 1976 1015 accedere
1995 980 2135 1016 deberet
2161 993 2226 1028 pro

1259 1027 1325 1061 alio
1349 1028 1493 1075 negotio
1516 1054 1526 1069 ‚
1547 1027 1657 1075 posset
1678 1027 1704 1061 is
1725 1040 1789 1074 pro
1812 1028 1988 1073 portandis
2016 1027 2080 1064 illis
2106 1030 2226 1066 litteris

1260 1087 1387 1121 petere.
1404 1078 1437 1111 δι
1458 1078 1612 1124 accipere
1628 1075 1766 1110 eandem
1784 1076 1972 1111 mercedem
1987 1103 1996 1118 ‚
2014 1087 2117 1124 quam
2135 1079 2226 1112 acci·

1261 1135 1355 1169 peret
1369 1125 1464 1165 alius,
1476 1125 1536 1172 qui
1554 1137 1622 1159 non
1634 1125 1680 1159 ob
1696 1124 1787 1158 aliud
1802 1125 1979 1170 negotium
1991 1125 2074 1160 illuc
2083 1127 2226 1161 accede-

1262 1183 1311 1206 ret
1327 1199 1336 1212 ,
1355 1173 1457 1220 quam
1481 1183 1520 1207 ut
1540 1183 1692 1219 portaret
1706 1172 1776 1206 illas
1792 1172 1919 1206 litteras
1933 1200 1942 1214 ‚
1965 1173 2124 1221 illan-que
2141 1187 2226 1209 mer-

1262 1222 1380 1254 cedem
1405 1234 1472 1255 non
1495 1231 1670 1256 teneretur
1689 1221 1864 1256 restituere
1878 1248 1886 1261 ,
1909 1221 2010 1255 etiam
2032 1221 2053 1255 fi
2071 1235 2137 1258 non
2155 1223 2228 1257 fue-

1262 1270 1305 1302 rit
1331 1269 1389 1303 sibi
1417 1269 1537 1316 sponte
1558 1270 1687 1311 soluta,
1713 1268 1768 1304 sed
1786 1270 1867 1317 quia
1888 1269 1984 1303 aliter
2002 1270 2138 1307 nolebat
2157 1272 2228 1306 illas

1262 1317 1391 1351 litteras
1414 1317 1555 1352 deferre.

1314 1365 1545 1400 Confirmatur
1565 1366 1642 1400 liaec
1671 1365 1943 1413 responsio'quia
1967 1366 2025 1413 ob*
2039 1367 2124 1402 hanc
2143 1379 2227 1403 con-

1265 1413 1447 1448 secutivam
1478 1414 1658 1449 utilitatem
1683 1417 1927 1450 commutativa
1951 1415 2079 1461 ‘justitia
2108 1417 2229 1452 admit-

1267 1465 1307 1497 tit
1326 1489 1336 1502 ,
1367 1473 1404 1496 ut
1430 1461 1587 1508 poffimus
1610 1461 1798 1496 mercedem
1823 1463 1972 1510 recipere
2000 1465 2046 1497 ab'
2070 1475 2114 1498 eo
2134 1491 2144 1505 ,
2173 1465 2231 1499 cui

1266 1523 1328 1545 nos
1352 1521 1421 1544 earn
1447 1511 1526 1544 dare
1542 1510 1738 1545 deberemus
1753 1537 1760 1550 ‚
1785 1511 1806 1544 fi
1829 1524 1917 1551 non,
1947 1512 2045 1559 quod
2067 1513 2229 1547 consecu-

1267 1561 1338 1594 tive
1370 1585 1380 1599 ‚
1415 1555 1470 1593 sed
1503 1558 1601 1606 quod
1630 1557 1860 1604 principaliter
1900 1559 2014 1606 agitur
2040 1587 2049 1601 ‚
2078 1562 2232 1595 attende-

1268 1618 1378 1641 remus
1397 1632 1406 1647 ,
1431 1618 1469 1642 ut
1492 1607 1558 1642 late
1580 1616 1674 1652 patet
1697 1618 1735 1640 ex
1761 1606 1812 1641 liis
1827 1634 1837 1648 ‚
1861 1620 1941 1655 quae
1959 1607 2178 1656 scripsisupm
2197 1612 2231 1657 §-

1274 1670 1301 1690 1.
1318 1669 1385 1702 q.7.
1400 1665 1511 1702 pam..
1526 1655 1663 1702 ampl.6.
1678 1666 1801 1692 num-t.
1818 1657 1934 1704 &fiq-
1952 1656 1985 1690 &
2002 1658 2183 1703 praesertim
2199 1671 2232 1693 iz.

1277 1717 1328 1737 ιο.
1351 1705 1385 1740 (ς’
1397 1705 1491 1751 seqq.

1320 1751 1482 1786 Admitto
1501 1761 1610 1785 tamen
1627 1774 1635 1788 ‚
1659 1749 1757 1796 quod
1775 1750 1802 1784 is
1818 1778 1828 1791 ‚
1852 1751 1912 1798 qui
1927 1778 1935 1793 ,
1954 1753 2124 1798 portando
2142 1753 2234 1790 litte-

1273 1812 1322 1834 ras
1353 1801 1418 1833 sine
1446 1796 1589 1846 impensa
1614 1802 1646 1833 ὅ(
1677 1799 1792 1833 labore
1813 1825 1823 1840 ,
1854 1803 1887 1834 ὄε
1914 1811 2063 1847 exigeret
2096 1802 2234 1836 eandem

1272 1848 1460 1883 mercedem
1486 1874 1495 1888 ,
1521 1856 1623 1893 quam
1649 1846 1799 1892 exigeret
1825 1874 1833 1886 ,
1856 1848 1916 1895 qui
1939 1848 2146 1896 impenderet
2168 1877 2180 1890 ‚
2202 1851 2236 1885 ὅς

1272 1898 1436 1931 laboraret
1452 1922 1462 1936 ,
1486 1895 1565 1929 esset
1583 1893 1674 1940 asper
1691 1920 1702 1934 ‚
1724 1896 1757 1929 ὅ(
1781 1895 2002 1938 inhumanus,
2020 1895 2174 1945 ideoq-ue
2187 1899 2237 1932 in-

1274 1947 1400 1991 dignus
1437 1944 1608 1978 videretur
1632 1941 1794 1977 societate
1825 1943 1967 1978 humana
1995 1971 2005 1986 ,
2033 1955 2143 1980 tamen
2168 1959 2236 1981 non

1276 2003 1446 2028 teneretur
1469 1991 1512 2025 ad
1538 1990 1799 2032 restitutionem,
1816 1993 1897 2039 quia
1923 2005 1990 2027 non
2011 1992 2136 2029 faceret
2153 2007 2238 2029 con-

1277 2054 1326 2076 tra
1348 2041 1507 2087 justitiam
1531 2066 1539 2079 ‚
1567 2037 1642 2073 satis
1672 2038 1760 2073 enim
1791 2041 1837 2074 est
1860 2067 1870 2081 ,
1898 2041 1995 2088 quod
2021 2052 2160 2087 propter
2186 2055 2237 2078 re·

1277 2101 1409 2136 ceptam
1433 2086 1623 2123 mercedem
1647 2098 1840 2122 tenerentur
1855 2089 2058 2136 negligentia
2073 2091 2108 2124 &
2125 2092 2237 2138 culpa.

1325 2136 1512 2173 Concludo
1531 2136 1564 2169 in
1589 2135 1653 2170 hac
1679 2135 1913 2178 dubitatione,
1943 2135 2148 2184 campsorem
2176 2151 2238 2186 po-

1277 2187 1344 2222 tius
1370 2197 1472 2231 agere
1495 2194 1614 2218 contra
1638 2183 1834 2218 charitatem
1855 2211 1865 2226 ‚
1893 2197 1994 2232 quam
2019 2195 2171 2221 teneatur
2195 2187 2240 2223 ad

1277 2235 1522 2271 restitutionem
1538 2258 1548 2274 ,
1564 2232 1654 2268 unde
1681 2243 1849 2266 munerem
1867 2232 2053 2280 campsores
2068 2260 2077 2274 ,
2103 2235 2163 2282 qiii
2190 2235 2239 2270 in-

1278 2283 1470 2319 troducunt
1496 2280 1583 2315 hanc
1607 2280 1833 2326 provifionem
1847 2307 1857 2322 ‚
1885 2290 1924 2317 ut
1945 2282 2155 2319 consulerent
2174 2283 2240 2318 suis

1278 2329 1505 2367 conscientiis.

1329 2378 1508 2414 Secundus
1530 2376 1625 2414 castis
1646 2378 1693 2412 est
1711 2404 1722 2419 ,
1747 2375 1888 2425 quando
1910 2379 2030 2414 tertius
2055 2384 2136 2414 vere
2152 2379 2242 2425 accit-

1282 2428 1332 2474 pit
1352 2426 1484 2462 cambio
1502 2427 1543 2461 ab
1558 2426 1625 2461 alio
1637 2452 1646 2468 ,
1666 2428 1699 2461 &
1715 2425 1817 2461 solvit
1833 2425 1994 2461 creditori
2017 2428 2051 2461 &
2072 2426 2132 2462 ifle
2150 2427 2245 2463 casus

1281 2477 1327 2510 est
1353 2486 1444 2510 extra
1465 2474 1633 2509 cambium
1655 2474 1798 2509 recursae
1821 2477 1855 2509 δε
1877 2486 1944 2509 non
1967 2475 2070 2510 habet
2096 2475 2245 2510 difficul-

1282 2535 1382 2560 tatem
1400 2550 1410 2565 ,
1434 2523 1531 2571 quod
1552 2523 1612 2556 iste
1626 2523 1770 2563 tertius,
1789 2532 1867 2555 curn
1888 2534 2034 2569 exponat
2057 2523 2091 2558 se
2108 2523 2215 2560 labori
2230 2548 2244 2566 .‚

1278 2574 1311 2606 δε
1341 2573 1496 2619 periculo
1518 2571 1671 2606 solvendi
1695 2570 1885 2611 cambium,
1912 2573 1958 2605 est
1980 2571 2104 2618 dignus
2130 2570 2244 2620 provi-

1283 2622 1374 2655 sione
1389 2647 1397 2661 ,
1424 2632 1489 2655 iam
1503 2619 1534 2653 in
1550 2619 1628 2654 soro
1643 2618 1708 2653 fori
1721 2644 1732 2659 ,
1748 2629 1849 2666 quarn
1867 2618 1899 2653 iri
1919 2617 1995 2654 foro
2010 2620 2244 2664 conscientiae,

1284 2669 1353 2703 irtio
1373 2668 1469 2703 etiam
1492 2668 1513 2701 si
1529 2667 1590 2702 iste
1606 2666 1726 2702 tertius
1740 2665 1822 2700 esset
1844 2677 1949 2712 agens
1970 2667 2071 2714 ipsius
2092 2669 2246 2704 credito-

1282 2718 1325 2751 ris
1347 2744 1355 2757 ,
1382 2716 1436 2750 sed
1465 2717 1634 2762 acciperet
1655 2715 1788 2749 cambio
1815 2714 1855 2748 ab
1876 2715 1942 2753 alio
1967 2742 1977 2757 ‚
2004 2726 2044 2750 ut
2064 2715 2208 2751 solveret
2234 2742 2246 2758 ,

1283 2765 1451 2802 cambium
1470 2763 1550 2798 esset
1566 2774 1681 2798 verum
1695 2789 1705 2803 ,
1726 2764 1760 2798 δε
1777 2762 1864 2797 reale
1883 2763 1949 2798 fine
1967 2764 2169 2800 difficultate
2185 2764 2247 2800 de-

1282 2814 1416 2849 beretur
1440 2812 1468 2846 ei
1487 2811 1633 2860 provisio
1648 2838 1658 2855 ,
1677 2811 1823 2847 Romoal-
1841 2812 1909 2848 Col.
1922 2813 2019 2847 trafl.
2041 2812 2084 2847 de
2103 2814 2246 2850 cambs.

1284 2874 1338 2896 ιι.
1368 2865 1401 2896 in
1426 2860 1499 2902 fine.

1333 2910 1512 2956 Restringe
1532 2919 1622 2943 nunc
1636 2908 1777 2944 eandem
1799 2908 1948 2954 regulam
1963 2935 1974 2951 ‚
1994 2909 2133 2955 positam
2137 2911 2246 2956 supra

1284 2972 1376 3001 naq..
1399 2969 1438 2993 ut
1458 2969 1527 2992 non
1546 2956 1711 3003 procedat
1734 2956 1885 3003 respestu
1909 2955 2111 2992 diversarum
2135 2955 2246 3004 perso-

1285 3019 1421 3047 narum,
1439 3004 1496 3040 sed
1520 3005 1685 3052 procedat
1711 3004 1815 3039 solum
1836 3004 1986 3051 respestu
2009 3005 2108 3039 unius
2131 3004 2245 3052 perso-

1285 3068 1339 3090 nae
1358 3083 1367 3097 ‚
1400 3065 1505 3102 quare
1529 3052 1610 3087 licet
1637 3064 1792 3099 campsor
1812 3052 1846 3086 in
1876 3053 2035 3087 nundinis
2063 3053 2248 3093 Placentia?

1284 3116 1351 3138 non
1376 3102 1474 3149 possit
1499 3102 1542 3136 ab
1565 3101 1688 3136 eodem
1712 3099 1894 3148 campsario
1924 3100 2081 3136 debitore
2109 3101 2246 3149 exigere

1285 3148 1454 3197 duplicem
1477 3149 1724 3196 provisionem,
1750 3149 1883 3183 alteram
1909 3161 1971 3194 pro
1998 3148 2170 3184 exustione
2186 3161 2246 3196 pe-

1284 3201 1459 3233 cuniarum
1473 3225 1482 3238 ‚
1505 3198 1539 3232 &
1559 3197 1694 3232 alteram
1719 3209 1781 3243 pro
1802 3197 1981 3231 earundem
1997 3196 2123 3232 remissa
2138 3197 2180 3232 ad
2198 3197 2245 3232 ci-

1286 3248 1422 3283 vitatem
1452 3248 1587 3282 Genuae
1609 3271 1618 3286 ‚
1649 3255 1726 3279 cum
1756 3245 1976 3280 renovatione
1995 3245 2116 3279 cambii
2139 3244 2172 3279 in
2196 3245 2244 3280 ci-

1286 3296 1392 3330 vitate
1411 3296 1549 3330 Genuae
1565 3320 1574 3334 ‚
1591 3294 1686 3339 juxta
1707 3305 1744 3328 ea
1761 3320 1770 3334 ,
1793 3304 1874 3340 quae
1890 3293 1999 3340 scripsi
2009 3296 2118 3341 supra
2131 3304 2243 3338 mm5.

1286 3346 1373 3389 vers.
1390 3346 1515 3389 infero.

1334 3392 1464 3426 Tamen
1485 3390 1633 3439 respeftu
1649 3389 1792 3435 plurium
1811 3389 2023 3437 personarum
2045 3389 2168 3424 dantur
2190 3401 2244 3423 ca-

1286 3439 1340 3473 sus
1356 3467 1364 3480 ‚
1391 3440 1423 3474 in
1447 3439 1574 3488 quibus
1597 3437 1707 3485 potest
1721 3464 1730 3478 ,
1749 3439 1952 3486 exequendo
1967 3437 2054 3471 idem
2071 3437 2247 3484 negotium

1288 3488 1420 3533 exigere
1440 3487 1610 3534 duplicem
1629 3486 1863 3531 provisionem.

1337 3536 1468 3570 Primus
1485 3535 1578 3569 casus
1595 3535 1664 3574 est,
1685 3533 1824 3580 quando
1849 3544 1887 3569 tu
1902 3560 1910 3573 ‚
1932 3532 2143 3579 negotiando
2164 3532 2250 3569 risco

1287 3595 1349 3618 tuo
1371 3583 1403 3616 in
1425 3583 1560 3617 cambiis
1583 3582 1696 3617 scutos
1711 3582 1798 3615 inille
1811 3581 1895 3616 Titii
1907 3608 1915 3618 ,
1933 3580 1992 3614 das
2011 3580 2086 3616 illos
2102 3580 2145 3615 ad
2160 3593 2250 3616 cam.

1288 3632 1377 3666 bium
1395 3631 1475 3665 Seio
1492 3643 1552 3677 pro
1569 3629 1646 3664 foro
1667 3629 1862 3664 Sauetorum
1880 3629 2062 3663 Placentiae
2085 3631 2117 3664 &
2137 3629 2251 3675 postea

1291 3681 1324 3713 in
1338 3680 1396 3714 illo
1414 3680 1491 3713 foro
1507 3678 1610 3713 eosde
1627 3679 1645 3712 a
1659 3677 1741 3712 Seio
1756 3677 1872 3724 exigis,
1892 3677 1925 3712 δε
1939 3674 2039 3711 fotvis
2055 3676 2177 3712 Mevio
2192 3687 2251 3722 per

2111 3724 2256 3761 litteram

2285 2931 2331 2958 ιζ

2289 3416 2330 3438 22
