2400 3939
352 186 516 252 §.De
547 188 746 245 Const.
765 190 855 245 Pii
882 186 961 245 V.
987 187 1155 269 super
1182 191 1439 251 confirm.
1465 199 1633 276 capit.
1653 201 1798 258 Bon.

1951 223 2056 275 507

130 289 172 313 ac
192 277 233 312 ab
253 275 408 312 omnibus
433 277 466 310 &
489 276 650 323 fingulis,
675 288 764 324 quos
790 277 953 324 praemisla
981 289 1069 325 quo·
1119 291 1180 330 per
1199 280 1361 315 clausulas
1387 291 1559 328 generales
1579 287 1667 320 idem
1693 287 1934 333 imponantes,
1964 304 2057 326 tren-

105 344 109 348 >
132 325 322 361 modolibet
341 335 578 365 concernunt,
607 325 640 358 &
658 337 720 371 pro
750 334 902 371 ternpore
924 337 1066 360 concer-

131 382 213 408 nent
235 370 477 406 inviolabiliter
491 397 500 411 ,
530 372 563 405 δε
583 371 625 405 ad
651 383 798 418 unguem
817 382 983 418 perpetuo
1005 375 1050 408 ob

129 419 248 455 servari
266 419 399 454 debere.
430 419 576 453 Necnon
594 417 756 465 praefatos
776 419 987 454 Mercatore<
999 448 1007 459 ,
1029 423 1063 457 ὁ(

129 480 248 503 eorum
270 468 419 513 singulos
434 466 578 512 cujusvis
592 467 693 502 status
710 467 835 514 gradus
849 493 859 508 ‚
883 469 1056 503 conditio-

129 516 180 550 nis
195 543 203 555 ,
229 517 261 549 ὅ(
281 514 547 559 praeeminentiae
565 514 704 548 existens
723 514 765 548 ad
782 515 1007 550 omnimodam
1025 518 1045 550 il

127 564 238 597 lorum
262 562 498 609 Capitulorum
520 562 788 597 observationem
805 564 929 602 teneri,
965 565 997 598 ἀ
1013 563 1059 597 ef-

126 610 278 646 ficaciter
295 611 466 658 obligatos
477 609 570 650 fore,
597 622 636 644 ac
658 610 699 644 ad
720 611 753 643 id
776 610 942 645 sententiis
957 639 963 645 ,
981 623 1058 645 cen-

126 658 210 693 suris
224 685 234 700 ,
261 660 293 693 &
309 660 417 702 poenls
438 657 678 703 Eccleliassicis
693 683 702 699 ,
735 670 774 692 ac
793 659 863 692 auls
886 660 1058 706 quibust-is

126 706 331 753 opportunis
351 707 456 752 juris,
479 707 511 740 ὃς
530 704 603 739 f-xffi
626 705 778 740 remediis
804 707 972 752 compelli.
1011 707 1057 742 Et

126 753 171 787 fic
191 766 251 798 per
273 757 500 801 quoscunque
522 754 662 796 judices
685 755 781 788 etiam
804 756 903 800 iptius
927 756 1055 789 Lima-

124 801 168 836 εἰς
188 803 444 837 Gubernatores
456 813 517 848 pro
533 812 682 846 tempore
695 803 887 840 existentes,
903 814 942 836 ac
959 815 1056 837 etiam

123 849 294 885 causarum
315 850 427 884 Palnii
445 849 637 894 Apostolici
656 851 855 889 Auditores,
873 852 905 885 <Sc
924 851 1056 886 sanstae

124 893 292 932 Romana²
306 897 469 932 Ecclefiae
485 898 679 932 Cardinales
696 924 704 937 ,
732 910 860 932 necnon
880 898 979 933 dtelae
997 899 1054 932 Se-

123 943 196 984 dis,
224 946 320 980 eriam
337 946 380 980 de
402 947 504 981 latere
522 945 674 991 Legitos
691 946 817 981 sublaa
845 946 912 986 eis,
942 948 974 981 ὅ(
999 958 1056 981 eo-

121 1003 194 1026 rum
217 995 357 1030 cuilubet
374 994 489 1042 quavis
504 995 599 1027 alner
619 993 812 1036 judicandi,
841 995 873 1028 &
892 1006 1051 1039 interpre-

124 1042 215 1076 tandi
233 1042 413 1081 facultate,
432 1043 462 1076 &
477 1042 676 1076 audomare
689 1041 853 1088 judicari,
871 1043 903 1075 &
925 1043 1055 1076 deliniri

122 1088 259 1124 debete.
291 1091 346 1125 Ac
364 1090 383 1123 fi
410 1089 506 1124 secus
522 1090 619 1135 snper
636 1089 685 1122 his
699 1102 718 1123 a
740 1101 915 1136 quoquam
938 1102 1055 1135 quavis

120 1138 324 1172 austeritate
340 1137 479 1174 scienter
491 1163 501 1178 ,
522 1139 573 1171 vel
592 1148 786 1180 ignoranter
799 1138 953 1173 attentari
971 1150 1054 1172 con-

123 1185 251 1231 tigerit,
268 1186 396 1220 irritum
408 1212 415 1221 ,
439 1187 472 1219 &
488 1185 584 1218 inane
597 1185 819 1218 decernimus.

167 1233 346 1276 Quocirca
365 1233 492 1266 dileffis
514 1232 590 1266 finis
604 1232 774 1267 causarum
795 1233 914 1269 Curi'ae
934 1236 1055 1271 Came-

117 1291 167 1314 ¹·ae
194 1280 406 1327 Apr=stolicae
424 1281 580 1315 Generali
600 1280 787 1321 Auditori,
811 1283 844 1315 δε
865 1282 964 1316 <11stae
990 1283 1051 1317 Ci-

119 1330 234 1363 vitatis
254 1328 476 1364 Bononiensis
503 1329 758 1369 Gubernatori,
787 1340 826 1363 ac
855 1332 1052 1365 venerabilis

115 1373 226 1410 fratris
246 1375 408 1422 Episcopi
433 1376 653 1411 Bononiensis
675 1376 818 1411 Vicario
840 1378 871 1410 in
898 1377 1049 1423 spiritua-

117 1423 206 1458 libus
223 1424 378 1460 Generali
393 1450 402 1465 ,
424 1435 520 1458 motu
543 1424 632 1458 simili
647 1425 860 1465 mandamus,
884 1437 1052 1472 quatenus

116 1471 200 1517 ipsi,
232 1473 284 1506 vel
300 1472 372 1506 duo
384 1498 393 1511 ‚
415 1482 473 1505 aut
493 1483 582 1505 unus
596 1484 711 1506 eorum
729 1483 786 1517 per
804 1472 834 1506 se
848 1500 856 1514 ,
874 1473 925 1506 vel
940 1473 1050 1513 alium,

115 1518 173 1554 seu
187 1520 271 1554 alios
281 1520 459 1565 praesentes
471 1519 595 1553 litteras
606 1546 613 1559 ,
627 1520 660 1554 &
672 1519 704 1552 in
719 1531 765 1553 eis
779 1532 940 1554 contenta
957 1533 1052 1568 qute-

115 1578 257 1615 cunque
271 1568 350 1608 ubi,
374 1569 407 1603 ὅ(
436 1567 572 1614 quando
594 1579 682 1613 opus
701 1566 824 1607 fuerit,
853 1580 892 1602 ac
915 1580 1050 1615 quoties

114 1625 176 1661 pro
192 1627 289 1662 parte
306 1615 472 1650 distorum
488 1614 739 1656 Mercatorum,
764 1616 817 1650 vel
832 1617 977 1663 alicujus
994 1629 1051 1652 eo-

113 1673 187 1696 rum
209 1663 335 1697 fuerint
355 1662 503 1710 requisiti
533 1662 720 1708 solemniter
747 1665 977 1709 publicantes,
1011 1666 1048 1698 il-

114 1710 222 1758 lisque
243 1711 275 1744 in
295 1710 482 1758 pra’miffis,
505 1710 648 1745 efficacis
671 1709 869 1746 defensionis
891 1713 1048 1758 praefidio

112 1758 292 1792 assillentes
313 1759 458 1799 faciant,
483 1758 683 1793 austeritate
700 1759 806 1792 nostra
824 1760 1048 1802 Mercatores,

109 1806 314 1854 illorumque
333 1808 480 1852 singulos
499 1806 776 1845 confirmatione,
789 1809 1044 1853 approbatione,

108 1853 301 1900 adjestione
313 1881 322 1894 ,
339 1854 552 1900 suppletione
565 1880 574 1895 ,
589 1856 622 1889 ὃς
637 1855 794 1892 decreto.
809 1855 949 1902 alasque
962 1869 1047 1902 prae-

109 1901 205 1936 miffis
219 1929 226 1941 ‚
243 1907 337 1950 juxta
353 1901 566 1949 praesentium
585 1903 826 1937 continentium
843 1905 874 1937 δ(
896 1915 1044 1939 tenorem

109 1949 253 1996 pacifice
272 1950 358 1990 frui,
378 1951 411 1984 δε
428 1950 599 1996 gaudere:
624 1950 707 1984 Non
723 1951 954 1997 permittentes
968 1953 1044 1986 illos

109 1994 254 2045 desuper
271 2010 329 2042 per
351 1998 589 2045 quoscumque
606 1998 872 2045 quomodolibet
894 1999 1044 2035 indebite

106 2047 272 2081 molestari
288 2072 297 2086 ,
321 2046 507 2092 perturbari
522 2047 555 2080 &
571 2046 762 2093 inquietari.
801 2047 1039 2083 Coittrad16lo-

107 2104 160 2127 res
181 2094 354 2142 quoslibet
371 2121 380 2133 ,
413 2095 447 2128 δε
465 2093 605 2128 rebelles
621 2120 629 2134 ,
652 2105 694 2128 ac
711 2095 878 2139 praemillis
895 2108 961 2130 non
985 2108 1041 2142 pa·

106 2152 217 2176 rentes
231 2155 289 2189 per
305 2139 460 2177 censuras
472 2170 480 2181 ‚
506 2143 540 2177 δε
555 2152 671 2187 poenas
690 2142 948 2182 Eccleliallicas,
965 2146 1041 2177 fllia-

104 2199 177 2237 que
201 2202 399 2238 opportuna
416 2190 499 2235 juris
515 2189 677 2228 remedia,
705 2192 932 2236 appellatione
954 2193 1043 2237 post-

103 2237 230 2284 posita.
253 2237 559 2284 compescendum:
589 2249 651 2272 nec
679 2249 745 2271 non
765 2239 922 2284 legitimis
944 2240 1040 2285 snper

104 2285 160 2319 his
185 2286 344 2321 habendis
369 2287 502 2321 servatis
519 2284 726 2332 processibus
744 2312 752 2325 ,
770 2286 845 2320 illos
861 2287 1014 2322 censuras
1030 2313 1040 2329 ,

105 2334 140 2368 &
168 2346 286 2381 poenas
314 2334 398 2381 ipsas
420 2333 591 2367 incurrille
619 2334 856 2368 declarandum
877 2337 901 2374 ,’
918 2334 1040 2382 easq'ue

105 2381 205 2417 etiam
238 2383 364 2418 iteratis
398 2381 529 2416 vicibus
559 2382 824 2428 aggiavandnm.
867 2381 906 2416 In
915 2395 1040 2418 vocato

103 2430 203 2464 etiarn
219 2432 260 2465 ad
279 2431 366 2470 lioc,
399 2430 422 2464 si
445 2441 533 2476 opus
557 2428 657 2463 fuerit
674 2455 684 2469 ,
711 2431 836 2464 auxilio
851 2431 978 2465 brachii
992 2432 1039 2466 se·

101 2478 220 2513 culari.
258 2479 339 2514 Non
358 2478 568 2512 obstantibus
595 2477 786 2522 praemiffis,
813 2490 854 2513 ac
874 2478 945 2513 foel.
971 2491 1037 2514 rec.

101 2524 271 2561 Bonifacit
285 2526 384 2572 Papae
399 2525 506 2562 Vlllv
525 2523 778 2571 praedecefforrs
793 2526 947 2561 nostride
962 2539 1038 2570 una,

101 2574 136 2608 &
160 2573 307 2609 Concilit
331 2585 435 2619 gener
458 2575 496 2607 lis
516 2574 559 2608 de
578 2573 711 2608 duabus
733 2574 856 2614 dietis,
882 2574 1038 2610 dummo-

100 2621 123 2656 d
141 2640 170 2661 =,
193 2623 272 2669 quis
292 2633 412 2668 vigore
430 2620 644 2668 praesemium
666 2621 751 2656 ultra
769 2633 834 2657 tres
861 2621 971 2657 dietas
992 2624 1034 2658 ad

99 2669 268 2716 judicium
285 2683 353 2704 non
372 2671 540 2709 trahatur,
568 2680 606 2703 ac
625 2669 696 2702 alus
724 2668 788 2704 fori
811 2680 1034 2706 mercatorum

97 2718 202 2753 distae
216 2717 376 2753 Civitatis
387 2716 594 2763 juramentis,
610 2716 871 2752 confirmatione
884 2719 1033 2765 Apollo-

97 2765 174 2805 lica,
193 2767 244 2800 vel
260 2766 382 2813 quavis
395 2765 552 2800 firmitate
565 2766 637 2806 aha,
659 2765 826 2800 roboratis
841 2766 984 2809 statutis,
1001 2768 1035 2802 &

95 2813 403 2850 consuetudinibus
419 2841 426 2851 ,
443 2813 629 2860 privilegiis
645 2824 790 2861 quoque
806 2813 947 2848 indultis
962 2840 972 2855 ‚
1000 2816 1038 2849 ἀ·

88 2861 218 2902 ,litteris
232 2861 452 2910 Apo-stolicis.
470 2861 528 2907 ipsi
541 2860 675 2902 foro‚&
691 2860 786 2902 illius,
804 2873 844 2896 ac
859 2861 1034 2907 quibusvis

95 2909 167 2944 aliis
180 2911 342 2958 personis,
359 2908 419 2943 sub
435 2909 698 2958 quibuscunque
709 2909 883 2943 tenoribus
893 2936 903 2950 ,
919 2912 952 2945 ὃ(
965 2909 1035 2945 for—

96 2957 177 3000 mis,
193 2969 324 2993 aecum
348 2956 527 3004 quibusvis
547 2956 646 2991 etiarn
663 2956 954 3003 derogatoriarum
974 2958 1034 2993 de-

94 3007 278 3051 rogatoriis
288 3032 297 3047 ,
310 3005 449 3054 aliisque
462 3003 709 3040 efficacioribus
720 3031 729 3045 ,
742 3006 776 3039 &
791 3004 930 3040 insolitis
943 3006 1034 3040 clau-

93 3052 184 3096 sulis,
199 3053 479 3101 irritantibusqne
491 3055 524 3088 δε
543 3053 614 3087 aliis
628 3052 776 3087 decretis
791 3053 823 3087 in
842 3064 966 3099 genere
979 3057 1032 3090 vel

46 3113 48 3118 ’
92 3102 126 3137 in
141 3101 259 3146 specie,
270 3113 310 3137 ac
325 3102 403 3136 alias
413 3100 798 3149 quomodolibet,etiam
812 3100 937 3146 pluries
947 3114 1032 3138 con·

92 3150 195 3190 ceffis,
208 3149 388 3190 innovatis,
399 3151 433 3184 δε
448 3148 669 3184 confirmatis.

143 3199 288 3242 Quibus
304 3199 469 3238 omnibus‘,
484 3197 582 3232 etiam
597 3195 618 3229 fi
635 3207 697 3242 pro
709 3195 842 3231 illorum
854 3195 1031 3232 sufficienti

91 3244 318 3294 derogatione
326 3246 371 3281 de
387 3245 459 3286 illis,
473 3254 664 3290 eorumque
679 3244 762 3278 totis
775 3244 950 3279 tenoribus
959 3245 1030 3292 spe-

91 3294 195 3336 cialis,
209 3293 376 3342 specifica,
396 3291 544 3342 expressa
558 3317 568 3335 ,
583 3292 618 3327 &
631 3290 820 3334 individua,
835 3303 905 3327 non
916 3304 1029 3330 autem

1119 335 1190 378 tio,
1214 327 1269 361 seu
1285 340 1419 375 qumvis
1445 331 1505 364 alia
1529 333 1690 377 expressio
1712 335 1884 376 habenda,
1908 349 1965 372 aut
1991 341 2054 374 alia

1115 374 1228 421 aliqua
1251 376 1410 423 exquisita
1434 376 1537 413 forma
1556 380 1596 413 ad
1617 381 1684 416 hoc
1703 381 1859 417 servanda
1879 383 1965 420 foret
1982 397 1994 430 3
2017 387 2055 421 il·

1117 421 1297 468 lorumque
1323 434 1476 466 tenores,
1496 426 1636 467 formas,
1653 429 1686 462 ὃς
1703 429 1807 469 datas,
1826 441 1867 462 ac
1883 432 1904 464 fi
1919 433 1962 466 de
1978 440 2066 469 ver!

1118 469 1164 503 bo
1181 468 1222 502 ad
1251 483 1291 503 ve
1310 473 1387 506 burn
1413 473 1631 509 insererentur
1651 476 1872 522 praesentibus
1906 490 1967 524 pro
2001 493 2056 515 ex-

1121 515 1249 562 prellis,
1271 522 1303 553 ἀ
1328 518 1386 553 irs<
1398 521 1453 555 rtis
1476 521 1635 557 babentes
1656 524 1749 571 (illis
1772 525 1803 558 in
1827 524 1892 559 suis
1915 526 2054 572 pristino

1119 565 1255 602 robore,
1275 568 1308 601 oc
1329 567 1474 605 efficacia
1491 583 1556 603 non
1574 582 1701 605 tanturn
1722 572 1810 606 circa
1830 572 1973 615 litteras,
1999 587 2056 609 ve-

1117 623 1189 646 rum
1208 616 1303 648 etiam
1327 627 1415 649 eirca
1435 617 1556 663 scripta
1574 629 1700 664 privata
1714 646 1723 660 ,
1754 621 1786 655 &
1801 619 1948 669 denique
1965 622 2053 657 circa

1116 660 1378 704 jurisdiffiltonem
1392 689 1400 703 ,
1433 664 1466 698 ὅ(
1483 666 1680 711 potestatem
1699 667 1831 710 Judacis
1843 695 1851 707 ,
1869 671 1901 705 ἃ
1921 668 2054 705 Consu—

1119 707 1203 748 lum,
1228 719 1266 742 ac
1281 710 1424 757 reliquas
1442 713 1520 746 alias
1544 726 1659 749 omnes
1672 741 1680 753 ,
1708 717 1739 750 ἃ
1757 715 1898 762 fingnlas
1915 717 2029 753 statuti
2043 745 2052 758 ,

1118 756 1151 790 ἀ
1170 757 1425 804 prvilegiorum
1439 786 1447 798 ,
1463 772 1502 794 ac
1519 760 1730 796 indultorum
1742 764 1985 809 pradnflorurn
2002 767 2054 813 ip-

1117 803 1180 845 sius
1196 802 1260 854 fori
1285 814 1460 851 tangentes
1476 818 1586 854 partes
1611 810 1846 855 permansuris,
1872 813 1904 848 &
1932 813 2054 849 valitu-

1116 862 1182 892 ris,
1206 853 1259 885 illa
1277 851 1298 886 fi
1317 865 1406 899 opus
1428 854 1473 888 est
1497 855 1621 898 rursus,
1654 858 1686 892 ὅ(
1703 858 1819 893 denuo
1837 860 1949 896 hatum
1974 860 2054 896 serie

1117 898 1214 932 etiam
1242 911 1408 946 perpetuo
1438 904 1661 949 approbantes
1684 931 1694 944 ,
1731 905 1965 943 confirmantes
1980 935 1990 948 ,
2020 911 2055 946 <Sc

1116 949 1363 990 concedentes,
1381 960 1419 985 ac
1434 951 1532 984 etiam
1550 953 1591 985 ab
1608 953 1762 986 omnibus
1777 979 1785 992 ,
1802 954 1832 988 ὅ(
1847 956 2053 1001 quibuscun-

1113 1005 1202 1040 que,
1233 998 1330 1030 etiam
1361 999 1482 1043 quavis
1510 998 1676 1045 dignztate
1695 1026 1704 1041 ‚
1733 1000 1961 1045 jurisdichone
1980 1031 1988 1042 ,
2019 1005 2053 1039 δε

1113 1043 1314 1078 ευξὶοῐίιεῐε
1333 1044 1541 1089 fulgentibus
1555 1073 1563 1086 ,
1593 1047 1626 1081 ὃς
1645 1046 1788 1095 fungent
1804 1048 1824 1084 b
1852 1061 1866 1083 s
1879 1077 1888 1090 ,
1915 1062 2011 1086 enam
2030 1051 2054 1086 fi

1113 1089 1183 1130 fint,
1204 1090 1337 1137 Legati,
1354 1092 1561 1140 Vicelegati,
1577 1106 1633 1129 ant
1648 1095 1692 1130 G·
1709 1096 1913 1134 bernatores.
1929 1099 2053 1134 sublata

1114 1138 1224 1179 etiarn,
1241 1140 1316 1180 illis,
1336 1141 1368 1173 δε
1387 1152 1505 1175 eorum
1522 1143 1659 1176 cnil=bet
1680 1143 1800 1190 quavis
1822 1146 1915 1180 aliter
1930 1146 2052 1183 sacten-

1112 1185 1212 1225 dum,
1244 1187 1488 1232 judicandum,
1511 1189 1759 1231 definiendum,
1783 1192 2050 1238 decernentium,

1110 1233 1357 1269 rescribendum
1371 1262 1378 1272 ,
1406 1238 1439 1270 <Sc
1462 1237 1673 1271 statuendum
1694 1237 1875 1279 facultate.
1901 1242 2048 1288 potesta-

1111 1291 1164 1320 te,
1181 1283 1212 1315 ὅ(
1228 1282 1431 1318 auetoritate
1448 1284 1687 1320 inviolabiliter
1705 1286 1870 1322 observari
1891 1290 2047 1325 mandan-

1110 1330 1187 1374 tes)
1207 1341 1248 1363 ac
1268 1342 1306 1363 ex
1319 1331 1412 1365 hunc
1425 1358 1434 1373 ,
1447 1344 1551 1377 prout
1565 1345 1604 1367 ex
1622 1345 1703 1367 tunc
1719 1336 1752 1368 ὅ(
1768 1337 1786 1368 ἐ·
1800 1347 1929 1376 contra,
1949 1339 2047 1384 quid-

1110 1377 1195 1423 quid
1210 1377 1314 1417 secus,
1337 1380 1389 1412 vel
1403 1380 1435 1413 in
1453 1381 1668 1419 contrarium,
1687 1393 1745 1428 per
1758 1393 1836 1421 eOS,
1853 1396 1912 1419 aut
1929 1398 1950 1433 q
1972 1398 2049 1422 'em‘-

1111 1436 1269 1472 cunque,
1295 1426 1349 1459 vel
1368 1427 1596 1475 quoscunque
1616 1429 1700 1463 alios
1712 1431 1832 1476 quavis
1848 1433 2047 1469 auctoritate

1111 1471 1275 1514 scienter,
1302 1474 1352 1507 vel
1384 1476 1580 1522 ignoranter
1596 1503 1606 1516 ,
1637 1479 1976 1526 quomodocunque,
2013 1484 2048 1517 &

1110 1520 1397 1569 qualitercunque
1414 1523 1483 1557 fieri
1499 1549 1508 1563 ,
1530 1535 1588 1561 aut
1608 1526 1762 1560 attentari
1781 1528 1984 1574 contigerit,
2007 1530 2047 1563 ir-

1109 1579 1208 1602 ritum
1219 1595 1228 1609 ,
1245 1570 1277 1602 c&
1291 1569 1387 1603 inane
1399 1573 1635 1611 decernentes,
1648 1584 1688 1606 ac
1703 1573 1778 1607 vice
1789 1574 1959 1611 dumtaxat
1977 1577 2045 1624 spe—

1108 1616 1245 1658 cialiter,
1262 1619 1294 1651 &
1314 1618 1461 1662 expresse
1479 1631 1592 1657 motu.
1611 1621 1644 1654 ὅτ.
1659 1618 1793 1655 scientia
1807 1625 1931 1668 pariter
1945 1626 2045 1660 dero-

1106 1676 1224 1710 gamus
1242 1666 1416 1699 contrariis
1435 1666 1722 1714 quibuscunque:
1752 1682 1810 1704 aut
1837 1670 1860 1703 si
1874 1672 2046 1719 aliquibus

1106 1713 1350 1754 communiter,
1372 1715 1424 1748 vel
1439 1715 1567 1749 divisim
1583 1716 1623 1749 ab
1643 1717 1758 1750 eadem
1772 1718 1811 1751 fit
1828 1717 1920 1754 Sede
1934 1721 2044 1756 indul-

1105 1768 1189 1800 tum,
1208 1762 1305 1807 quod
1324 1761 1491 1803 interdici,
1505 1761 1670 1809 suspendi,
1691 1766 1743 1798 vel
1758 1769 2042 1804 excommunicari

1103 1818 1170 1841 non
1189 1807 1307 1854 poffitit
1324 1821 1382 1853 per
1400 1810 1526 1845 litteras
1547 1812 1763 1858 Apostolicas
1786 1825 1855 1847 non
1881 1815 2045 1852 facientes

1109 1855 1262 1900 plenam,
1289 1857 1321 1890 δε
1347 1858 1545 1902 exprellam,
1570 1871 1610 1893 ac
1636 1859 1679 1893 de
1706 1860 1811 1895 verbo
1834 1862 1877 1897 ad
1906 1865 2044 1900 verbum

1102 1903 1148 1936 de
1164 1903 1298 1938 indulto
1332 1905 1526 1951 hujusmodi
1552 1907 1769 1942 mentionem,
1811 1908 1939 1946 Datum
1965 1913 2042 1948 Ro-

1105 1963 1170 1985 rrae
1199 1952 1289 1996 apud
1323 1952 1358 1986 S.
1383 1953 1519 1989 Petrum
1535 1981 1544 1994 ,
1577 1954 1635 1989 sub
1651 1956 1770 1990 Anulo
1792 1955 1971 1994 piscatoris
1987 1961 2042 1996 die

1100 2011 1175 2034 xxv.
1205 1999 1414 2035 Novembris
1437 2001 1656 2037 MDLXIX.
1685 2002 1911 2042 pontificatus
1933 2009 2036 2043 nostri

1095 2057 1184 2083 auno
1210 2049 1272 2096 iiij.

1099 2138 1253 2178 Decreto
1288 2144 1550 2191 legitimamente
1578 2142 1665 2184 fatto
1688 2147 1784 2195 sopra
1809 2149 1832 2184 il
1856 2151 1963 2188 modo
1981 2153 2038 2190 del

1273 2191 1344 2228 fare
1370 2196 1378 2228 i
1402 2194 1589 2242 pagan-enti
1614 2195 1658 2231 de
1681 2196 1812 2233 Cambii
1839 2199 1873 2233 in

1473 2242 1645 2289 Bologna.

1159 2333 1224 2367 Che
1239 2345 1298 2382 per
1321 2337 1348 2370 li
1369 2341 1566 2386 pagamenti
1588 2339 1673 2374 delli
1693 2340 1819 2376 Cambii
1843 2342 1952 2385 reali,
1979 2345 2038 2380 che

1097 2384 1152 2428 qui
1167 2382 1190 2423 li
1220 2383 1452 2419 cambiaranno
1480 2387 1566 2431 simo
1589 2399 1697 2422 nomen
1721 2390 1870 2436 discudi
1885 2390 1974 2425 d’oro
2001 2396 2035 2428 in

1096 2442 1148 2463 oro
1168 2431 1206 2463 di
1227 2432 1376 2471 zacha,
1412 2433 1447 2469 &
1462 2436 1646 2483 parimente
1665 2447 1723 2483 per
1742 2437 1768 2470 li
1785 2443 1975 2486 pagamenti
1994 2442 2033 2475 di

1096 2478 1227 2512 Camhio
1239 2505 1247 2519 ,
1269 2480 1294 2513 lt'
1306 2481 1399 2529 quali
1412 2483 1554 2528 seranna
1563 2483 1644 2529 stati
1661 2486 1885 2528 fairialnave
1897 2500 1957 2534 per
1972 2490 2032 2524 Bo-

1095 2526 1192 2574 logna
1203 2553 1212 2566 ‚
1233 2526 1290 2560 cl‘ae
1308 2540 1488 2563 cararanno
1505 2530 1655 2579 descudi
1678 2532 1766 2566 a’oro
1781 2536 1813 2567 in
1829 2547 1881 2568 oro
1895 2536 1932 2569 dr
1946 2537 2031 2572 Zee-

1093 2574 1155 2607 cha
1167 2584 1293 2622 pagare
1309 2576 1344 2609 Ia
1363 2577 1482 2611 valum
1501 2579 1519 2612 ἁ
1545 2582 1675 2627 ragione
1688 2579 1725 2614 di
1741 2581 1804 2614 lire
1825 2594 1955 2629 quartro
1967 2611 1975 2624 ,
1994 2587 2028 2623 ὠ*

1083 2622 1178 2667 soldi
1195 2627 1304 2671 civique
1319 2624 1355 2657 di
1371 2629 1532 2670 quatrrini
1547 2638 1606 2672 per
1618 2628 1725 2674 scudo
1738 2654 1747 2668 ,
1767 2628 1898 2671 dando,
1921 2644 1937 2665 ο
1951 2635 2028 2678 scu.

1092 2669 1130 2702 di
1156 2670 1244 2704 d’oro
1266 2674 1406 2705 torrenti
1423 2683 1482 2719 per
1500 2674 1525 2707 il
1537 2684 1673 2721 *prezzo
1690 2702 1699 2716 ,
1728 2677 1786 2712 che
1812 2691 2003 2714 corre-ranno
2016 2707 2027 2722 ,

1093 2728 1190 2750 overo
1211 2729 1304 2752 rania
1326 2731 1452 2754 moneta
1474 2722 1658 2770 d'argento:
1687 2726 1750 2759 Con
1776 2727 1899 2770 questo,
1922 2728 1980 2762 che
1997 2729 2029 2765 le

1092 2777 1214 2799 monere
1231 2769 1400 2816 d'argenro
1416 2768 1507 2819 baffo.
1537 2782 1624 2804 come
1643 2774 1821 2813 muraiole,
1839 2774 2002 2824 bolognini
2016 2801 2027 2818 ,

1082 2812 1180 2859 fifini
1196 2840 1204 2852 ,
1230 2819 1391 2862 quattrini
1411 2829 1471 2851 non
1486 2818 1693 2853 J’emendano
1725 2830 1788 2854 ouo
1807 2834 1896 2856 nome
1910 2825 1949 2857 di
1961 2836 2029 2858 mo—

1090 2871 1165 2894 neta
1183 2862 1384 2916 -d’argemo,
1420 2862 1474 2900 ¹ma
1483 2866 1574 2911 fiano
1602 2866 1712 2912 esclur
1738 2869 1785 2903 da
1810 2871 1908 2917 questi
1924 2881 2030 2921 paga-

1089 2919 1199 2943 memt-

1242 3004 1375 3054 Luogo
1392 3008 1478 3043 della
1502 3008 1622 3044 Piazza
1638 3009 1694 3045 del
1713 3010 1871 3050 Cambio.

1135 3102 1171 3135 Si
1196 3101 1214 3135 ε’
1233 3104 1289 3148 poi
1311 3104 1547 3147 determinato',
1573 3105 1631 3140 che
1652 3106 1680 3140 il
1697 3106 1789 3156 luogo
1809 3107 1903 3143 della
1927 3110 2029 3147 Piaz-

1088 3159 1134 3182 za
1150 3149 1209 3182 del
1227 3151 1360 3186 Camhio
1371 3151 1415 3192 lia
1429 3164 1487 3186 non
1503 3155 1538 3186 la
1554 3153 1663 3202 loggia
1677 3155 1821 3202 delforo
1834 3158 2028 3193 delIaMer-

1085 3199 1214 3237 cantia,
1235 3210 1289 3231 ma
1304 3200 1330 3233 il
1340 3201 1471 3235 Portica
1487 3202 1601 3234 inanzi
1615 3202 1813 3249 l'HospitaIe
1827 3205 1920 3239 della
1934 3208 2028 3242 Mor»

1085 3255 1117 3278 re
1134 3269 1144 3284 ,
1167 3244 1232 3326 Ehe
1246 3245 1294 3280 da
1309 3251 1366 3295 qui
1392 3251 1508 3283 inanzi
1525 3248 1557 3296 fi
1575 3249 1728 3285 chiamar
1752 3251 1773 3285 ὰ
1787 3250 1822 3285 la
1838 3253 1949 3302 leggia
1970 3254 2028 3290 det

1084 3297 1164 3328 Cam
1188 3294 1229 3327 io.

1616 3721 1686 3762 Vn
1721 3734 1740 3760 s
1936 3724 2019 3761 SE-
