2400 3939
813 154 860 217 §.
906 141 1040 203 VII.
1070 143 1247 205 Gloff
1285 144 1361 205 ¹II.

165 232 274 268 Secus
300 239 408 264 tamen
432 231 499 272 est,
526 232 548 265 si
572 231 654 268 dolo
675 234 784 276 malo,
811 237 880 273 hoc
917 237 962 270 est
1002 249 1069 270 rna-

119 278 316 316 cbinatione
337 277 481 313 studiosa
504 279 546 313 ad
574 281 653 314 mihi
674 283 869 318 nocendum
884 284 917 318 in
936 284 999 318 hac
1013 296 1069 330 pe-

120 328 220 362 ristafi
243 325 419 360 cessaveris
444 326 595 367 tradere,
618 339 695 363 curn
718 330 814 364 scires
831 331 954 366 domus
983 344 1067 366 meae

118 374 304 423 periculum
319 372 505 407 imminere:
527 375 605 421 quia
619 375 680 409 islo
694 377 771 411 casu
789 379 945 413 tenereris
956 379 997 413 ad
1014 390 1068 414 to-

117 434 191 458 tum
228 419 382 456 interesse
403 446 412 461 ‚
451 423 604 467 quamvis
629 425 768 460 extedat
793 427 959 472 duplum,
989 439 1064 461 cum

116 482 154 505 tu
173 468 328 504 habueris
344 468 540 515 ‚specificum
564 471 754 517 objefium,
783 485 822 509 ut
843 475 966 509 domus
998 480 1068 508 mea

115 529 239 552 rueret.

164 565 383 613 Exemplifica
404 564 553 600 secundo
579 566 718 612 quando
740 577 778 603 tu
803 569 884 603 milii
915 570 1003 607 bona
1025 567 1064 604 fi-

116 612 161 647 de
186 614 363 650 vendidisti
384 613 493 659 tigna.
509 626 589 660 quae
601 626 678 649 mox
700 617 805 650 evifta
825 617 921 659 sunt,
940 630 978 652 ex
998 630 1064 665 qua

115 661 283 697 evittione
303 675 370 710 ego
393 660 595 695 extrinsecus
630 661 861 699 damnificatus
882 665 973 700 sum:
993 679 1065 700 nam

116 709 179 744 isso
205 709 280 744 casu
309 722 347 744 ex
381 708 548 743 evittione
568 720 645 744 nata
665 711 709 744 est
730 712 808 745 mihi
833 713 920 748 affio
944 714 985 747 ad
1009 713 1042 747 id
1057 740 1065 754 ‚

113 758 212 804 quod
233 771 304 793 mea
320 756 471 797 interest,
496 756 552 790 sed
575 758 655 804 quia
674 758 742 793 hoc
775 759 929 796 interesse
961 761 1068 795 versa-

115 814 170 838 tur
199 805 289 840 circa
321 817 390 839 rem
418 803 584 838 venditam
605 831 615 844 ‚
650 806 702 840 vel
727 807 864 843 evifflim
885 835 894 849 ‚
927 821 990 842 nec
1012 809 1066 842 ha-

112 852 171 887 bet
210 853 300 888 aliud
323 851 518 898 specificum
540 877 549 891 ‚
589 853 622 887 δε
662 854 838 899 praecisum
871 857 1066 902 objestum,

113 911 214 947 quain
242 901 330 935 diffisa
355 900 468 945 tigna„
496 911 578 946 quae
593 912 716 936 certam
743 902 865 937 habent
893 915 1065 945 naturam,

78 962 84 969 ·
109 947 194 983 ideo
215 947 284 983 lioc
309 943 464 982 interesse
491 960 558 982 non
585 949 693 994 potest
715 950 758 984 ad
780 950 939 985 summum
972 963 1066 986 exce-

27 1329 73 1367 86

112 995 193 1030 dere
220 996 361 1042 duplum
374 1023 382 1036 ,
409 997 488 1030 licet
516 995 624 1030 minus
640 997 741 1031 taxari
761 998 858 1043 possit
873 1025 882 1039 ‚
910 999 932 1031 fi
958 1000 1066 1033 minus

112 1043 250 1086 interfit,
265 1047 298 1080 &
309 1055 451 1078 moveor
462 1057 500 1078 ex
513 1043 537 1077 l.
553 1056 647 1090 quam
660 1049 767 1080 citavi
777 1048 864 1094 iufra
874 1059 995 1084 numer.
1009 1048 1066 1083 860

112 1090 227 1135 infine.

161 1139 313 1187 thucd
329 1139 409 1176 d⁴co
422 1140 454 1174 in
471 1138 574 1186 tignis
591 1140 720 1176 vitiosis
748 1141 778 1174 in
798 1141 847 1175 his
867 1141 1004 1177 duobus
1032 1153 1067 1176 e-

112 1189 262 1233 xemplis,
276 1188 354 1224 dum
381 1188 465 1222 dico
484 1186 527 1220 de
541 1191 720 1232 pecoribus
744 1190 905 1224 morbofis
916 1216 925 1231 ,
940 1190 1020 1237 quia
1034 1190 1066 1224 in

111 1245 261 1281 utroque
273 1247 399 1283 genere
412 1246 520 1270 rerum
538 1238 714 1282 aequaliter
727 1237 881 1285 loquitur
892 1264 902 1280 ‚
917 1239 941 1272 l.
960 1239 1070 1276 Julia-

108 1294 179 1322 nus,
183 1284 223 1329 ff
236 1284 279 1318 de
294 1285 358 1317 ael.
373 1295 468 1330 empr.

156 1328 374 1377 Exemplifica
387 1331 486 1366 tertio
503 1330 535 1364 in
548 1328 636 1371 casu,
655 1342 727 1379 quo
753 1344 819 1380 ego
838 1333 970 1367 emerim
984 1333 1003 1367 ὲ
1031 1345 1064 1369 te

108 1378 238 1413 servum
257 1380 355 1415 scutis
371 1391 424 1424 50.
438 1379 498 1426 qui
514 1379 641 1419 servus,
658 1382 675 1413 a
688 1393 740 1414 me
754 1392 896 1426 emptus,
910 1382 990 1415 meis
1001 1382 1063 1416 im-

106 1427 215 1474 pensis
230 1426 338 1462 fastus
355 1427 512 1473 agitator,
526 1426 584 1461 seu
601 1430 824 1474 pantominus,
841 1429 936 1470 idest,
953 1429 1070 1464 imita-

109 1486 165 1510 tor
187 1475 336 1509 omnium
363 1487 491 1516 rerum,
517 1476 601 1509 vale:
631 1474 733 1510 scuris
768 1489 847 1522 500.
876 1480 909 1512 δε
927 1488 982 1517 tu,
1004 1477 1065 1524 qui

107 1521 334 1563 vendidissi‚es
347 1523 556 1557 rnedi0¹·rum
574 1522 786 1560 facultatum:
797 1536 842 1558 ita
853 1535 890 1558 ut
910 1525 1065 1559 verifimi-

107 1569 184 1605 liter
203 1584 271 1606 non
294 1571 500 1618 cogitaveris
519 1571 549 1603 in
586 1572 780 1607 venditione
805 1573 848 1607 de
867 1572 934 1607 hoc
960 1575 1064 1619 trajo-

105 1619 132 1653 ri
165 1619 275 1665 pretio
311 1631 450 1665 propter
481 1618 706 1653 eruditionem
726 1647 734 1656 .
748 1621 861 1664 postea
879 1620 933 1654 bic
952 1620 1064 1655 servus

106 1666 188 1701 mihi
206 1668 392 1703 evincitur:
421 1679 487 1713 ego
509 1678 578 1712 ago
599 1668 643 1701 de
663 1668 830 1702 evibhone
844 1679 962 1703 contra
977 1679 1011 1703 te
1023 1669 1066 1702 ad

106 1713 168 1756 id,
199 1716 298 1762 quod
321 1727 392 1750 mea
414 1716 565 1749 interest:
588 1727 681 1749 certe
706 1716 767 1750 isto
794 1716 870 1750 casu
898 1729 965 1751 non
992 1717 1067 1762 pos-

106 1761 177 1797 sum
192 1774 294 1809 agere
307 1764 364 1797 nisi
384 1763 425 1797 ad
451 1762 594 1808 duplum
615 1763 736 1808 pretii,
753 1776 824 1812 quo
843 1764 971 1797 servum
988 1766 1063 1806 erni,

106 1811 141 1846 &
152 1810 196 1845 fic
208 1811 252 1846 ad
269 1810 383 1847 [tutos
402 1825 478 1847 100.
493 1812 516 1845 l.
528 1822 586 1853 44.
599 1811 716 1854 Titius,
728 1814 760 1858 ᾖ.
773 1813 834 1846 ult.
855 1825 928 1849 cum
941 1812 1067 1861 l.seqq.

105 1859 142 1905 ff.
154 1859 196 1892 de
211 1861 276 1893 αὲἶ.
292 1870 389 1906 empt.
620 1863 623 1867 ’

1936 171 2061 226 463

1119 250 1177 284 per
1207 239 1350 273 habetur
1380 237 1497 273 relatio
1520 237 1562 272 ad
1592 235 1787 279 bonitatem,
1804 249 1884 286 qtiae
1899 248 1966 275 erat
1981 250 2066 276 tem-³

1117 297 1202 331 pore
1222 284 1413 321 εοηιτειέῖυς
1442 297 1589 327 tanturn,
1619 287 1651 320 δε
1682 285 1862 322 secundum
1885 301 1954 332 earn
1975 290 2065 323 aritia

1116 344 1242 368 matur:
1268 345 1430 380 quantum
1446 334 1487 367 ad
1505 333 1685 367 secundum
1698 344 1820 378 caput,
1841 346 1912 381 quo
1938 335 2064 372 scilicet

1116 381 1228 426 agitur
1243 381 1285 414 ad
1299 381 1454 415 iuteresse
1466 381 1585 427 recipit
1596 391 1813 426 augmentum
1831 405 1840 421 ‚
1866 383 1899 416 ὅ(
1920 384 2064 419 diminu-

1117 429 1266 463 tionem:
1287 428 1447 474 fiquidein
1466 426 1816 475 quandoqueinterest
1829 429 1940 475 pluris,
1956 443 2065 477 quan:-

1115 475 1234 521 doque
1249 476 1393 516 minoris,
1407 477 1439 510 &
1451 477 1662 524 quandoque
1677 475 1755 509 nihil
1771 489 2062 523 praeverpretiurn,

1114 523 1266 570 ideoque
1284 534 1393 558 totum
1411 523 1478 557 lioc
1493 524 1648 557 interesse
1666 523 1789 570 pendet
1817 525 1836 558 a
1860 525 2064 570 probat-ioni-

1115 571 1179 605 bus
1202 570 1383 613 laciendis3
1403 570 1457 604 sed
1469 571 1510 605 ad
1523 570 1682 605 summum
1696 597 1705 611 ‚
1733 582 1770 606 ut
1783 571 1862 612 dixi,
1876 585 1940 607 non
1953 573 2064 619 potest

1115 618 1279 652 excedere
1296 618 1454 664 duplum:
1471 620 1505 652 &
1519 618 1613 664 quod
1635 618 1714 653 dico
1732 618 1776 652 de
1801 620 1896 654 servo
1911 647 1920 659 ,
1933 621 2064 655 institu-

1114 678 1152 701 to
1178 666 1313 701 haerede
1327 693 1336 705 ,
1364 666 1444 699 dico
1466 667 1565 700 etiam
1576 667 1618 700 de
1628 667 1743 700 ancilla
1758 679 1966 714 praegnante,
1982 678 2063 704 curn

1113 716 1147 748 &
1165 714 1209 748 de
1228 724 1376 761 utroque
1397 714 1556 761 loquatur
1572 714 1606 748 α’.
1624 715 1646 747 l.
1663 714 1815 749 venditor
1838 715 1975 750 hominis
1987 742 1996 757 ,
2016 716 2058 762 ff).

1113 762 1156 795 de
1177 761 1275 795 evm.
2040 806 2044 807 ⁷

1159 808 1388 843 confirmatur
1406 806 1482 843 liaec
1496 807 1764 855 exemplificatio,
1781 809 1860 856 quia
1884 810 1906 844 fi
1930 811 1962 846 in
1985 810 2063 846 casu

1110 857 1336 901 praecedentis
1347 857 1655 902 exemplificationis
1667 883 1676 896 ,
1694 856 1753 890 ubi
1777 869 1994 903 augmentum
2027 859 2063 893 in

1111 902 1207 938 servo
1222 913 1290 938 erat
1307 903 1435 938 scutum
1455 904 1600 949 sumptu,
1618 905 1650 938 ὅ(
1668 902 1825 937 industria
1840 907 2008 952 emptoris,
2027 908 2062 941 ὄσ

1113 961 1221 985 tamen
1237 951 1391 986 venditor
1412 962 1545 987 tenetur
1561 951 1664 986 solum
1677 952 1718 985 ad
1737 951 1888 997 duplum,
1902 954 1957 987 cui
1975 954 2059 988 inest

1111 999 1259 1045 simplum
1275 1027 1283 1041 ,
1312 1011 1352 1033 ne
1381 1000 1537 1034 venditor
1560 999 1673 1034 subeat
1701 1001 1886 1045 periculum
1901 1002 1984 1034 ultra
1995 1002 2063 1037 du·-

1112 1047 1203 1093 pltim
1218 1074 1226 1088 ‚
1244 1047 1267 1081 l.
1288 1046 1396 1081 Titius
1418 1049 1450 1093 ξ.
1475 1046 1534 1081 ult.
1564 1061 1633 1082 cum
1645 1047 1668 1081 l.
1679 1050 1750 1095 seq.
1775 1047 1863 1092 fflde
1879 1049 1942 1082 αὲἶ.
1967 1059 2062 1097 empta

1110 1095 1219 1129 multo
1246 1094 1349 1140 magis
1371 1095 1458 1129 idem
1478 1094 1658 1129 dicendum
1681 1095 1817 1128 videtur
1840 1095 1883 1130 de
1904 1108 2062 1142 augmen-

1110 1151 1148 1177 to
1175 1143 1208 1178 ὅ(
1231 1143 1436 1189 pretiositate
1456 1142 1595 1184 casuali,
1611 1155 1692 1190 quae
1711 1143 1801 1177 venit
1822 1143 1886 1178 sine
1915 1144 1984 1179 ullo
2011 1145 2062 1178 in·-

1109 1191 1315 1231 commodo,
1346 1201 1404 1225 aut
1430 1189 1566 1234 sumptu
1605 1189 1790 1236 emptoris,
1826 1201 1864 1225 ut
1887 1189 2061 1227 foec1.ndi-

1110 1247 1158 1271 tas
1170 1261 1180 1280 ‚
1212 1237 1245 1273 ὃ(
1263 1249 1376 1285 partus
1396 1239 1526 1273 ancillae
1542 1248 1666 1284 empta:
1684 1265 1693 1280 ‚
1712 1239 1745 1272 δε
1769 1238 1948 1274 haereditas
1965 1240 2063 1275 servo

1109 1296 1224 1330 empto
1243 1285 1365 1322 relitta.

1158 1332 1286 1381 Neque
1298 1331 1452 1368 adversus
1467 1328 1557 1367 b'unc
1570 1326 1680 1367 casum
1696 1331 1815 1374 obstat,
1832 1335 1928 1383 quod
1941 1337 2060 1370 :extiti

1108 1381 1185 1416 diff.
1204 1380 1226 1416 l.
1249 1382 1412 1417 venditor.
1430 1381 1532 1422 dicat,
1548 1381 1757 1416 venditorem
1773 1383 1895 1418 debere
1924 1383 2062 1430 praesta⁴

1109 1441 1144 1463 re
1158 1430 1274 1476 quanti
1291 1429 1518 1476 interest,quia
1531 1429 1621 1468 dico,
1634 1430 1731 1476 quod
1745 1431 1800 1464 ille
1816 1443 1975 1466 testeum
1988 1442 2058 1464 non

1109 1476 1309 1512 determinet
1323 1477 1540 1524 quantitatem
1553 1476 1706 1512 interesse
1720 1505 1728 1518 ‚
1748 1479 1903 1524 intelligit
1931 1478 1974 1513 de
1990 1477 2059 1524 jus-

1108 1536 1141 1559 ta
1156 1526 1354 1572 quantitate,
1374 1537 1455 1572 quae
1471 1527 1516 1559 eit
1532 1525 1696 1560 declarata
1708 1537 1766 1571 per
1784 1532 1842 1560 aua
1855 1529 1981 1573 jtira,ut
1992 1537 2062 1570 non

1107 1573 1213 1608 exced
1224 1585 1250 1608 it
1266 1574 1417 1620 duplum,
1436 1574 1518 1608 utin
1536 1573 1610 1607 casu
1623 1574 1830 1618 praecedenti
1842 1601 1850 1615 ‚
1865 1574 1906 1608 ad
1922 1573 2019 1622 quod
2035 1571 2062 1607 fi

1108 1623 1184 1666 Cyn.
1200 1625 1236 1656 in
1252 1621 1285 1655 d.
1297 1621 1319 1655 l.
1335 1624 1441 1661 unica,
1457 1633 1578 1654 numer.
1599 1621 1630 1654 8.
1647 1624 1677 1654 in
1689 1633 1722 1668 7.
1752 1623 1871 1671 appelit.
1903 1625 1997 1657 Bari.
2023 1619 2060 1658 ὅ

1106 1670 1170 1702 alii
1186 1672 1218 1703 in
1233 1669 1372 1712 diversis
1388 1669 1466 1706 locis
1480 1667 1713 1710 advertissent,
1731 1682 1796 1705 non
1813 1670 1901 1706 adeo
1920 1671 1952 1704 se
1967 1671 1999 1704 i'n
2015 1679 2061 1704 eo

1107 1726 1203 1751 textu
1222 1716 1399 1753 torsissent.
1772 1758 1775 1760 ,

1154 1763 1272 1799 Infero
1302 1777 1340 1799 ex
1365 1765 1461 1800 distis
1477 1767 1509 1800 in
1533 1765 1596 1800 hac
1618 1761 1937 1815 exemplificatione,
1952 1762 1995 1801 sic
2008 1761 2055 1801 es-

1106 1811 1138 1846 se
1163 1813 1401 1859 intelligendos
1420 1815 1516 1848 Paul.
1554 1813 1597 1848 de
1629 1814 1729 1852 Castr.
1753 1817 1787 1849 in
1807 1815 1832 1848 l.
1866 1826 1895 1859 3.
1919 1817 1950 1861 §.
1975 1827 2058 1849 nunc

1106 1861 1148 1894 de
1182 1860 1298 1905 officio,
1311 1862 1376 1907 fitb
1401 1874 1522 1896 numer.
1555 1873 1590 1904 4.
1626 1862 1660 1898 (9'
1688 1863 1761 1910 Jas.
1776 1860 1842 1909 sub
1869 1874 1988 1899 numer.
2024 1863 2057 1896 8⁴

155 1905 374 1954 Exemplifica
401 1917 525 1953 quarto
553 1907 585 1942 iri
613 1906 689 1942 casu
717 1919 788 1960 quo
813 1919 879 1955 ego
899 1908 917 1942 31
934 1917 968 1942 te
994 1907 1066 1945 scu·
1098 1909 1141 1954 ff.
1170 1909 1212 1942 de
1237 1920 1272 1942 eo
1290 1908 1374 1956 quod
1408 1921 1486 1944 cert.
1519 1911 1579 1945 loc.
1600 1910 1680 1944 dum
1713 1909 1889 1957 loquendo
1928 1909 1972 1948 de
2007 1909 2059 1945 lu-

107 1952 151 1988 tis
174 1965 310 1990 centum
332 1954 480 1990 emissem
508 1955 635 1990 servum
654 1982 664 1996 ,
702 1967 761 2002 qui
793 1957 834 1990 ab
855 1956 971 2002 aliquo
997 1967 1066 1991 erat

105 2001 276 2038 institutus
303 2002 413 2038 haeres
430 2029 439 2042 ‚
464 2004 497 2038 ὃς
520 2004 633 2049 possea
662 2003 742 2037 mihi
771 2004 816 2038 est
851 2004 998 2045 evictus,
1028 2005 1062 2038 &

107 2048 153 2084 fic
177 2051 285 2096 perdo
313 2051 399 2085 illam
432 2050 664 2086 haereditatem
684 2077 694 2092 ‚
727 2061 765 2086 ut
801 2051 833 2085 in
864 2052 940 2086 casu
977 2054 1000 2086 l.
1031 2052 1063 2086 8.

107 2096 261 2134 venditor
287 2099 447 2141 hominis,
465 2100 509 2146 ff.
536 2102 578 2135 de
599 2100 696 2134 evm.
719 2099 810 2134 unde
841 2111 909 2146 ego
945 2100 1063 2134 adver-

106 2144 160 2180 sus
182 2157 216 2182 te
246 2147 378 2182 afflone
404 2158 443 2181 ex
467 2158 582 2194 empto
614 2148 657 2182 de
671 2147 838 2183 evicuone
851 2148 892 2182 ad
916 2147 950 2182 id
963 2148 1061 2196 quod

107 2205 179 2228 mea
206 2194 363 2240 interest3
381 2205 475 2229 certe
497 2195 560 2231 islo
585 2195 682 2230 etiam
715 2195 790 2231 casu
818 2208 885 2241 ego
906 2209 971 2230 non
989 2195 1062 2241 pos-

106 2241 175 2275 sum
203 2254 264 2289 pro
302 2256 378 2278 rneo
417 2243 571 2278 interesse
598 2242 759 2288 consequi
785 2244 872 2278 ultra
890 2243 1031 2290 duplum
1052 2268 1061 2285 ‚

6 2330 8 2339 y
62 2304 64 2307 ’
105 2290 141 2325 &
169 2289 213 2324 fic
232 2290 366 2337 possum
392 2291 551 2339 consequi
572 2290 678 2327 solum
700 2291 816 2326 scutos
844 2303 924 2344 κως).Ι
943 2303 1056 2340 quam-

108 2337 160 2371 vis
183 2338 365 2375 haereditas
380 2366 388 2381 ,
415 2351 514 2385 quam
541 2339 645 2387 perdo
659 2364 670 2380 ‚
691 2339 814 2374 valeret
842 2339 944 2376 scutis
957 2352 1057 2374 1000.

105 2396 180 2420 nam
215 2398 274 2423 aut
317 2388 565 2423 consideramus
586 2413 596 2429 ‚
635 2386 733 2435 quod
776 2387 890 2422 servus
927 2399 1060 2434 tempo-

104 2443 143 2468 re
161 2434 338 2481 emptionis
367 2446 435 2471 erat
453 2435 622 2470 institutus
644 2436 772 2477 haeres,
790 2436 825 2471 dc
853 2445 937 2471 tunc
962 2446 1058 2471 tanto

103 2481 210 2527 pluris
237 2481 299 2518 fuir
323 2483 530 2526 animatus,
558 2486 592 2520 &
619 2483 847 2531 appretiatus;
874 2484 908 2518 &
933 2483 978 2518 stc
1002 2483 1058 2518 illa

102 2519 269 2566 institutio
298 2531 382 2565 servi
404 2533 436 2565 in
462 2531 663 2567 haereditate
684 2531 747 2566 suit
773 2531 856 2566 fasta
883 2530 927 2565 de
943 2531 1055 2578 pretio

102 2575 204 2622 ipsius
223 2578 325 2619 servi,
346 2579 450 2618 idest,
479 2580 680 2625 desimplo:
704 2591 788 2626 ergo
815 2579 859 2614 de
876 2579 927 2613 illa
949 2579 1056 2614 haere-

4 2630 15 2658 f
44 2660 48 2661 ⁷
102 2625 210 2661 ditate
233 2639 298 2662 non
316 2629 426 2673 potest
442 2629 554 2664 haberi
572 2629 633 2662 alia
645 2639 743 2668 ratim,
756 2627 813 2662 nifi
833 2639 868 2663 ut
889 2627 968 2662 serVi
983 2640 1054 2671 pre-

103 2672 188 2708 tium
210 2700 220 2716 ,
242 2675 274 2709 in
303 2687 377 2723 quo
395 2675 485 2710 adest
504 2675 648 2711 haeredis
669 2676 852 2717 institutio,
874 2674 1054 2721 dupletur:

102 2731 161 2757 aut
184 2722 452 2764 consideramus,
470 2727 566 2772 quod
583 2725 637 2758 ille
657 2723 779 2765 servus,
793 2724 970 2771 postquam
986 2723 1055 2758 adi-

104 2769 154 2804 vit
180 2770 412 2808 haereditatem
428 2799 439 2814 ‚
461 2774 507 2807 est
534 2771 670 2809 effeetus
690 2772 888 2819 pretiosior,
910 2770 989 2818 quia
1017 2772 1054 2806 il-

102 2817 135 2851 la
152 2818 334 2854 haereditas
351 2820 495 2869 quaesita
509 2821 635 2868 adjecit
654 2822 760 2867 majus
777 2820 1053 2860 emolumenturn,

103 2867 203 2914 quod
217 2879 285 2901 non
298 2865 363 2903 fuit
378 2868 423 2903 de
443 2869 578 2915 fimplo‚
593 2868 675 2902 idest
690 2868 732 2902 de
757 2868 868 2914 pretio
893 2866 976 2902 servi
991 2879 998 2901 :
1023 2869 1057 2903 δε

103 2924 190 2950 tunc
199 2914 301 2957 dico,
317 2916 399 2951 illud
413 2928 633 2964 augmentum
648 2927 716 2950 non
736 2916 804 2950 esse
819 2914 1008 2949 habendum
1025 2916 1060 2950 in

103 2963 466 3007 consideratione‚cum
483 2965 626 3012 qualitas
644 2964 689 2998 rei
705 2963 854 2998 venditae
869 2962 1058 2998 considere-

103 3021 163 3046 tui·
178 3021 331 3057 tempore
344 3013 538 3048 contractus
554 3027 562 3049 :
587 3013 702 3061 ficque
718 3010 844 3058 quovis
857 3010 964 3046 modo
976 3022 1060 3046 con-

103 3058 291 3101 fideremus,
307 3060 399 3096 venit
411 3061 516 3096 solum
533 3060 676 3108 duplum
687 3059 798 3106 pretii,
814 3071 885 3106 quo
902 3071 970 3105 ego
981 3060 1064 3100 erni,

102 3108 138 3142 ἀ
154 3106 403 3154 consequenter
421 3109 454 3143 in
468 3109 533 3144 isto
549 3107 706 3144 interesse
716 3120 782 3142 non
805 3107 898 3142 venit
922 3107 1062 3143 aes’tima-

101 3155 153 3191 tio
168 3156 274 3192 totius
293 3156 502 3192 haereditatis
519 3158 586 3192 fine
609 3157 675 3191 ulla
708 3155 910 3190 limitatione
942 3154 1038 3202 dupli
1055 3180 1064 3197 ,

1105 1968 1166 1990 cro
1195 1966 1387 1998 intrarem,
1408 1955 1552 1994 scribunt
1577 1957 1673 2004 quod
1697 1958 1720 1991 fi
1736 1957 1848 1992 servus
1875 1969 1969 1993 meus
1995 1957 2061 1994 fuit

1105 2003 1274 2039 institutus
1286 2005 1403 2045 liaeres,
1417 2007 1450 2041 &
1465 2006 1544 2052 quia
1562 2017 1599 2040 tu
1616 2005 1702 2039 fuisti
1720 2005 1752 2042 in
1776 2017 1868 2040 mora
1879 2001 2052 2041 restituen-

1104 2051 1139 2085 di
1159 2064 1234 2086 eum
1247 2053 1325 2086 mihi
1341 2079 1350 2093 ‚
1364 2064 1430 2099 ego
1447 2066 1517 2088 non
1535 2053 1632 2100 potui
1652 2053 1788 2099 jubere,
1805 2064 1841 2089 ut
1861 2053 1966 2088 adiret
1987 2053 2063 2088 haea

1104 2101 1292 2142 reditatem‚
1307 2103 1339 2136 ὃς
1353 2100 1397 2134 sic
1408 2112 1476 2135 earn
1490 2100 1641 2150 perdidi·‚
1659 2101 1730 2136 talis
1744 2102 1829 2137 lucri
1837 2101 1992 2136 habenda
2008 2101 2056 2135 est

1104 2147 1344 2183 consideratio.
1615 2193 1618 2194 ⁷

1149 2195 1366 2242 Exemplifica
1382 2197 1504 2244 quinto
1516 2196 1549 2232 in
1561 2195 1637 2233 casu
1652 2221 1661 2238 ‚
1690 2204 1764 2245 quo
1777 2208 1844 2244 ego
1864 2205 1980 2232 teneor
1994 2196 2054 2234 tibi

1101 2243 1230 2279 solvere
1244 2244 1357 2279 scutos
1371 2256 1433 2279 100
1461 2247 1494 2280 ὅ(
1506 2247 1585 2293 quia
1601 2245 1669 2280 sum
1683 2246 1845 2286 morosuS‚
1863 2256 1899 2281 tu
1914 2258 1980 2280 non
1996 2259 2059 2293 po-

1101 2303 1151 2327 tes
1164 2304 1313 2338 reparare
1329 2294 1464 2329 domurn
1481 2304 1570 2328 tuam
1583 2320 1591 2334 ‚
1607 2305 1688 2341 quae
1701 2293 1843 2329 minatur
1858 2294 1982 2328 ruinam
1999 2295 2054 2329 vel

1101 2352 1168 2375 non
1193 2352 1291 2386 poies
1314 2341 1445 2376 solvere
1467 2353 1599 2387 poeuam
1629 2341 1851 2388 pecuniariam
1879 2335 1964 2376 ihtra
1984 2353 2058 2377 cer-

1101 2398 1170 2424 tum
1185 2399 1324 2434 tempus,
1341 2400 1413 2436 quo
1428 2389 1550 2434 elapso,
1565 2399 1711 2423 remanes
1723 2401 1762 2424 eit
1775 2387 1988 2436 dispositione
2005 2390 2055 2426 le-

1099 2436 1151 2483 gis
1175 2438 1418 2472 condamnati&
1443 2436 1483 2470 ad
1507 2449 1611 2483 grive
1641 2436 1801 2480 exilium;
1823 2447 1860 2471 tu
1889 2438 2053 2483 protesta-

1101 2485 1143 2519 tis
1160 2483 1316 2518 adversus
1346 2497 1399 2519 me
1422 2484 1466 2518 de
1492 2484 1558 2519 istis
1569 2485 1696 2520 damnis
1711 2511 1721 2526 ,
1740 2487 1773 2520 <Sc
1796 2484 1963 2526 interesse,
1982 2486 2050 2521 ruit

1098 2532 1231 2572 domus,
1243 2534 1296 2567 vel
1308 2544 1454 2568 remanes
1470 2533 1730 2574 condem-iarun
1760 2542 1866 2567 tamen
1886 2545 1954 2580 ego
1980 2545 2048 2568 non

1099 2581 1309 2616 teneorultra
1325 2581 1475 2627 duplum,
1490 2583 1522 2615 &
1541 2581 1582 2615 sic
1599 2581 1683 2615 ultra
1704 2580 1818 2616 scutos
1840 2594 1915 2615 ²00.
1933 2593 2050 2628 quam-

1098 2640 1148 2662 vis
1165 2627 1258 2663 'ruini
1270 2629 1440 2670 domus‚&.
1451 2628 1605 2664 diuinum
1624 2628 1710 2663 exilii
1730 2629 1894 2664 excedant
1907 2629 2050 2676 pretium

1096 2675 1273 2711 scutorum
1294 2689 1373 2722 500.
2013 2721 2016 2723 ¹

1143 2723 1247 2760 Ratio
1264 2737 1294 2758 in
1311 2726 1375 2759 istis
1386 2722 1542 2763 omnibus
1557 2723 1713 2771 exemplis
1731 2725 1870 2774 effiquia
1889 2720 2056 2764 mora,seu

1096 2772 1196 2819 culpa
1217 2785 1285 2807 non
1302 2775 1418 2809 habuit
1431 2785 1583 2819 tempore
1600 2775 1792 2809 contrastus
1814 2774 1903 2809 aliud
1919 2782 2055 2808 certum

1096 2819 1286 2867 specifie‘um
1301 2823 1485 2866 objestum‚
1500 2833 1599 2869 quam
1616 2832 1681 2855 rem
1698 2822 1794 2868 ipsam
1811 2820 1865 2856 sen
1881 2822 2050 2870 quantita-

1097 2879 1163 2902 tem
1176 2880 1313 2910 certam,
1329 2870 1477 2918 ideoque
1487 2867 1639 2905 interesse
1652 2881 1794 2905 remanet
1808 2881 1954 2906 tentatum
1971 2867 2056 2905 infra

1098 2915 1253 2962 duplum,
1270 2919 1303 2952 δι
1316 2930 1383 2953 nori
1401 2921 1500 2955 ultra.
1542 2959 1545 2962 ‚

1146 2963 1275 3006 secus,
1299 2966 1321 3000 fi
1339 2966 1372 3000 in
1399 2968 1475 3002 casu
1498 2965 1601 3013 hujus
1636 2965 1744 3012 quinti
1780 2962 1919 3012 exempli
1960 2976 2055 3002 mora

1097 3011 1265 3048 habuisset
1286 3022 1349 3060 pro
1383 3013 1539 3061 specifico
1568 3014 1703 3059 objesto
1731 3015 1865 3048 lucrum
1900 3013 2029 3048 cessans
2042 3041 2052 3054 ,

1097 3071 1136 3095 ut
1151 3059 1184 3094 in
1201 3059 1278 3096 casu
1301 3061 1344 3096 de
1358 3074 1430 3110 quo
1443 3065 1532 3111 infra
1551 3074 1673 3098 numer.
1692 3073 1767 3096 tot.
1787 3062 1822 3097 ὅς
1840 3061 1934 3097 innui
1951 3061 2055 3097 eiiam

1097 3120 1220 3143 numer.
1234 3121 1293 3154 93.
1861 3153 1864 3155 Α

1146 3156 1302 3191 Extende
1315 3157 1423 3204 primo·
1440 3155 1577 3194 eandem
1596 3157 1743 3204 regulam
1762 3185 1771 3200 ‚
1793 3157 1932 3205 positam
1945 3156 2054 3206 fitpra

100 3205 138 3239 δέ
161 3204 195 3238 in
217 3203 285 3239 hoc
307 3205 468 3241 videntur
504 3204 730 3241 communiter
766 3203 873 3240 Dost.
910 3203 1034 3237 errasse
1047 3229 1056 3244 ‚
1087 3204 1155 3252 sub
1170 3216 1290 3239 numer.
1312 3206 1367 3248 69.
1386 3209 1474 3253 vers.
1488 3207 1521 3245 fic
1533 3207 1666 3255 erg³,&
1686 3206 1731 3240 sic
1748 3205 2024 3252 exemplificatam
2042 3229 2052 3248 ,

98 3251 181 3287 dum
201 3251 348 3287 arbitrati
368 3252 445 3288 sunt
462 3254 568 3289 totius
587 3250 796 3288 haereditatis
807 3250 1061 3286 aestimationem

98 3299 233 3346 integre
262 3302 392 3335 venire:
412 3301 500 3337 affio
524 3301 610 3336 enirn
628 3312 669 3335 ex
695 3309 810 3344 empto
842 3298 888 3333 de
914 3298 1059 3333 evifflo-

97 3360 142 3385 ne
165 3349 268 3384 habet
289 3349 366 3384 haec
396 3348 469 3384 duo
501 3349 636 3395 capita:
661 3347 803 3392 primum
830 3347 898 3394 (δε
915 3346 984 3381 hoc
1008 3348 1056 3382 est
1075 3381 1079 3384 ,

97 3406 320 3445 perpetuum,
348 3398 383 3431 Bc
407 3398 564 3443 certum)
584 3397 730 3442 pertinet
755 3395 796 3429 ad
824 3395 989 3439 pretium,
1025 3396 1058 3430 Bt

97 3455 169 3479 non
191 3442 234 3478 ad
251 3456 318 3480 rem
342 3443 523 3480 secundum
540 3447 603 3491 (ὃς
617 3443 685 3479 hoc
705 3441 750 3476 est
777 3443 937 3487 casuale)
954 3443 1056 3489 perti-

98 3501 157 3527 net
173 3490 216 3526 ad
230 3491 276 3534 id,
294 3492 391 3541 quod
408 3491 540 3528 interest
552 3502 676 3540 praeter
699 3491 855 3536 pretium.
873 3491 1056 3534 Quantum

99 3538 145 3573 ad
170 3539 311 3585 primurn
329 3550 456 3588 caput,
484 3551 560 3589 quo
597 3540 726 3576 scilicet
751 3538 838 3574 estio
870 3551 910 3573 ex
940 3549 1057 3585 empto

97 3586 265 3633 competit
287 3590 331 3626 ad
353 3589 521 3638 pretium,
549 3588 604 3623 vel
627 3599 692 3636 pro
720 3596 790 3622 rata
827 3586 948 3634 pretii,
979 3586 1058 3622 sem-

1098 3253 1155 3288 seu
1169 3251 1253 3286 illud
1268 3253 1408 3299 primurn
1427 3251 1615 3301 responsum
1636 3255 1670 3288 d.
1691 3253 1714 3289 l.
1732 3258 1849 3299 unicae,
1876 3257 1906 3289 (Γ.
1918 3253 2052 3301 define-

1100 3311 1232 3347 quaepro
1244 3314 1290 3341 εσ,
1308 3301 1373 3338 (9⁶0.
1386 3312 1459 3349 quo
1473 3301 1658 3348 disponitur
1670 3313 1706 3336 ut
1722 3300 1878 3336 interesse
1893 3314 1960 3336 non
1977 3301 2052 3347 pos-

1100 3348 1138 3382 sit
1157 3348 1320 3383 excedere
1338 3348 1480 3396 duplum
1497 3362 1505 3385 :
1524 3350 1667 3384 extende
1688 3350 1845 3395 inquam,
1867 3359 1905 3383 ut
1935 3349 2058 3384 habeat

1100 3397 1211 3432 locum
1226 3407 1294 3431 non
1307 3395 1411 3431 solum
1427 3398 1459 3431 in
1472 3396 1626 3431 interesse
1648 3396 1813 3442 singulare
1827 3423 1836 3436 ‚
1855 3407 1894 3430 ut
1922 3400 2059 3444 priores

1101 3454 1226 3481 omnes,
1241 3446 1336 3490 usque
1351 3445 1397 3480 ad
1412 3445 1533 3490 Rebuff.
1544 3444 1704 3477 inclusive
1716 3445 1910 3491 restringere
1936 3444 2057 3482 eonati

1101 3491 1187 3532 sunt,
1203 3489 1258 3525 sed
1272 3492 1370 3526 etiam
1382 3494 1414 3527 in
1427 3492 1581 3527 interesse
1597 3503 1778 3526 commune
1791 3490 1996 3533 extrinsecof
2015 3500 2057 3528 ut

1101 3550 1215 3574 omnes
1242 3539 1470 3576 moderniores
1488 3539 1563 3585 post
1579 3538 1715 3573 Rebuff.
1728 3539 1921 3576 reslatisunt
1937 3553 1944 3574 :
1962 3539 2052 3575 &ad

1100 3587 1188 3623 hanc
1223 3587 1446 3625 extensionem
1468 3597 1589 3624 contra
1613 3597 1689 3630 eos,
1715 3588 1775 3636 qui
1789 3589 1932 3636 primunt
1951 3587 2059 3671 {istc}

1989 3646 2002 3668 r
2049 3668 2053 3672 .

2099 2192 2143 2232 88
