2400 3939
797 161 847 225 §.
898 155 988 212 ΙΙ.
1039 146 1220 213 Glofl'.
1265 148 1421 212 VH.

118 258 152 283 na
169 259 202 294 3.
221 243 269 284 ibi·
280 275 290 291 ‚
308 252 406 293 juxta
425 242 450 281 l.
465 246 582 287 iliam,
616 247 649 280 C.
667 242 708 278 de
732 241 860 292 probat.
881 241 963 276 dum
979 241 1066 277 dicit
1081 270 1091 284 ,

118 296 220 343 quod
232 297 314 332 licet
325 295 406 343 quis
429 292 631 328 convenerit
654 302 787 325 mecum
799 316 809 331 ,
827 290 946 325 librum
958 315 968 330 ,
987 302 1092 337 quem

118 353 226 390 penes
258 356 334 378 eum
354 341 529 389 deposui,
564 340 743 374 restituere
768 337 979 384 cuicumque
1003 351 1092 372 meas

119 391 250 427 litteras
270 390 453 431 deferet-iti,
470 399 580 423 tamen
595 386 750 422 deferens
770 397 858 419 meas
878 385 1097 428 litteras,n0n

118 440 234 486 potest
254 439 377 474 librum
399 438 557 484 exigere,
586 436 667 471 licet
685 433 818 469 tradens
842 433 1027 469 liberetur:
1046 434 1096 469 in-

116 486 242 534 telligo
258 497 368 522 tamen
381 511 393 528 ,
424 483 524 532 quod
541 496 611 520 non
629 481 740 530 potest
767 481 908 528 proprio
929 482 1068 516 nomine
1088 509 1097 522 ,

116 534 214 571 secus
234 545 346 571 autem
373 533 512 569 nomine
542 530 788 579 procuratorio
817 541 876 576 per
904 540 943 568 ea
966 554 976 570 ‚
1012 541 1094 578 quae

119 580 230 628 scripsi
245 585 336 631 infra
347 595 379 617 n.
401 593 461 628 55.

168 630 366 677 Subamplia
383 630 494 676 primo
515 628 603 663 hanc
627 623 879 674 ampliationem
892 648 902 667 ,
919 633 956 661 ut
972 637 1092 672 proce-

119 678 178 715 dat
190 705 200 720 ,
228 678 353 714 etiamsi
374 676 598 723 intersit'ejis
610 702 622 718 ‚
645 687 703 710 cui
720 669 877 722 promissa
895 674 941 715 es’t
958 675 1090 714 restitu-

120 727 172 763 tio
185 753 196 768 ,
218 727 300 775 quia
326 725 546 761 nihilominus
563 734 699 772 portans
723 724 851 758 litteras
864 746 875 764 ‚
900 733 968 756 nori
981 722 1091 769 potest

119 775 261 822 proprio
280 774 418 810 nomine
433 773 572 820 exigere
585 796 603 813 ,÷
618 774 698 818 ijn.
711 771 767 806 ubi
775 773 895 819 supra.

170 822 368 868 Subamplia
386 820 538 856 secundo
550 848 560 862 ,
589 830 628 855 ut
656 821 733 867 quis
757 832 823 853 non
841 817 938 864 poffit
958 830 1062 866 agere
1078 841 1088 861 ,

123 880 283 918 tanquam
309 880 517 916 procurator
540 870 676 904 nomine
704 867 935 913 ilipulatoris3
969 878 1090 913 quam-

121 930 172 954 vis
203 917 415 965 produceret
446 917 700 953 instrumentum
734 915 821 949 illius
842 914 1085 961 stipulationis;

120 965 201 1014 quia
217 965 285 1001 sola
300 965 473 1000 exisl'entia
489 965 727 1012 scripturarum
739 975 841 1009 penes
858 963 1004 1010 aliquem
1020 975 1088 998 non

122 1015 249 1061 probat
263 1040 272 1054 ,
293 1014 386 1055 illum
399 1014 466 1049 ess'e
484 1023 742 1061 procuratorem
757 1037 766 1051 ‚
789 1023 848 1057 per
863 1022 920 1052 ea,
945 1022 1026 1058 quae
1040 1011 1089 1045 di-

119 1063 153 1097 xi
176 1061 340 1097 remiffive
360 1063 450 1109 infra
465 1063 525 1108 sub
545 1074 633 1096 num.
652 1062 710 1105 63.
736 1059 791 1093 nisi
811 1058 948 1094 debitor
972 1060 1005 1094 in
1021 1059 1090 1106 ipsa

58 642 102 677 4²

55 835 102 870 43

119 1110 287 1156 scriptura
316 1109 349 1144 se
375 1104 556 1156 obligasset
583 1109 715 1145 solvere
741 1108 870 1157 cuique
893 1107 1088 1154 scripturam
1147 1118 1162 1152 3

122 1157 388 1204 praeseiitaturo,
413 1170 471 1205 per
488 1170 527 1193 ea
539 1169 622 1206 quae
638 1156 708 1191 dixi
720 1158 807 1204 infra
822 1169 854 1191 n.
874 1167 890 1203 ς
898 1166 929 1202 5.
949 1156 984 1194 (ᾗ
991 1157 1086 1204 seqq.

123 1205 232 1252 &fiaeh
246 1218 278 1240 n.
292 1207 349 1250 65.
363 1207 483 1253 extens:
505 1218 536 1241 2.

56 1269 108 1300 44
170 1253 366 1300 Subamplia
383 1255 486 1289 tertio
502 1280 512 1295 ,
547 1264 587 1289 ut
607 1252 764 1300 quamvis
792 1251 946 1301 adjestus
961 1252 1088 1300 produ-

122 1311 217 1338 ceret
248 1301 445 1348 scripturam
470 1329 477 1341 ,
509 1305 742 1349 probaretque
774 1301 969 1349 scripturam
997 1302 1085 1336 illam

120 1348 219 1385 'fuisse
246 1350 304 1384 fibi
324 1351 344 1385 a
378 1350 577 1396 stipulatore
597 1374 608 1392 ,
643 1349 752 1392 idest,
786 1350 958 1386 creditore
983 1350 1085 1384 tradi-

122 1410 219 1435 tam:
253 1408 364 1433 tamen
393 1398 509 1433 adhuc
538 1412 604 1436 non
625 1397 734 1445 posset
765 1409 866 1444 agere
886 1425 896 1438 ,
933 1398 1034 1433 etiam
1063 1397 1085 1432 fi

125 1446 227 1481 vellet
254 1458 381 1492 agere,
423 1456 584 1494 tanquam
620 1457 824 1492 procurator
849 1446 1082 1494 stipulatoris:

123 1496 158 1529 ἀ
179 1505 344 1535 moveor,
370 1494 451 1541 quia
474 1494 557 1530 licet
585 1495 663 1542 quis
680 1492 939 1540 praesumeretur
961 1495 1084 1529 habere

121 1540 291 1576 sufficiens
322 1541 515 1578 mandatum
549 1541 747 1589 agendum,
785 1553 827 1576 eo
853 1542 951 1589 ipso,
984 1541 1084 1589 quod

121 1602 226 1638 penes
241 1589 274 1625 se
291 1592 431 1625 haberet
453 1589 635 1638 scripturas
651 1589 858 1637 pertinentes
875 1591 918 1626 ad
937 1591 1081 1631 causam,

119 1650 184 1686 pro
231 1648 272 1672 ua
293 1639 368 1673 vult
391 1651 510 1684 agere,
539 1639 574 1674 &
594 1640 774 1685 probaret,
799 1639 874 1683 illas
899 1639 956 1673 fibi
979 1638 1083 1673 tradi-

119 1698 171 1721 tas
192 1649 258 1721 eiie
278 1686 299 1720 εὶ
322 1686 521 1733 principali,
546 1695 585 1721 ut
607 1686 675 1721 dixi
693 1686 853 1721 remissive
873 1689 962 1735 infra
979 1699 1009 1721 n.
1026 1690 1081 1732 63.

118 1746 232 1770 tamen
250 1734 320 1770 hoc
341 1734 388 1769 est
417 1746 549 1776 verum,
577 1733 718 1783 quando
742 1735 797 1770 illa
820 1735 958 1771 traditio
980 1735 1081 1782 scrip·-

119 1793 209 1818 turae
234 1782 274 1817 fit
295 1782 469 1829 personat,
497 1795 581 1830 quae
603 1782 633 1816 in
665 1781 730 1829 ipsa
753 1781 915 1830 scriptura
938 1796 1007 1818 non
1022 1783 1080 1818 ha-

118 1831 200 1867 beat
225 1830 369 1880 aliquod
392 1841 513 1866 nomen
536 1858 546 1873 ‚
577 1830 631 1865 cui
654 1830 710 1864 illa
736 1831 872 1867 traditio
897 1831 996 1879 possit
1020 1844 1080 1878 ap-

115 1879 259 1926 plicari,
293 1878 371 1926 quia
395 1890 479 1913 tunc
501 1878 717 1926 praesumitur
741 1879 770 1914 ei
798 1879 948 1921 tradita,
979 1890 1016 1915 ut
1040 1880 1080 1914 fit

114 1937 322 1975 procurator
338 1951 349 1968 ,
379 1925 475 1961 secus
505 1926 647 1976 quando
672 1927 809 1964 traditio
834 1927 1011 1975 scripturae
1039 1927 1079 1964 fit

115 1974 294 2022 personae,
320 1975 457 2010 habenti
476 1977 507 2010 in
534 1987 572 2010 ea
600 1986 723 2010 nomen
746 1975 894 2022 adjeffi‚
925 1987 964 2011 ut
979 1977 1011 2012 in
1025 1988 1079 2011 ca-

117 2022 156 2058 su
175 2023 310 2064 nostro,
339 2023 420 2071 quia
438 2034 522 2058 tunc
544 2024 597 2058 illa
615 2023 756 2059 traditio
779 2024 889 2072 potest
903 2024 1076 2072 applicari,

116 2072 151 2106 dc
165 2070 432 2118 correspondere
444 2072 590 2111 nomini,
610 2071 708 2118 quod
723 2072 755 2107 in
773 2085 811 2107 ea
831 2073 946 2114 habet,
963 2073 1078 2120 ficque

117 2129 158 2154 ut
181 2119 281 2166 poffit
300 2120 318 2153 a
342 2120 517 2163 debitore,
547 2121 667 2166 sponte
683 2119 857 2164 solvente,
881 2122 1027 2168 exigere,
1042 2122 1077 2156 δε

115 2166 367 2214 debitorpoffit
383 2167 412 2201 ei
430 2179 508 2204 tuto
534 2168 675 2203 solvere.

5 2242 7 2248 ,
38 2230 98 2268 >43
163 2215 345 2251 Contraria
359 2215 478 2263 opinio
501 2215 636 2252 videtur
650 2217 842 2252 communis
855 2244 865 2259 ,
894 2217 928 2252 ὅ(
947 2216 1075 2253 servan-

109 2263 158 2298 vda
173 2290 183 2305 ,
218 2264 300 2312 quia
327 2264 383 2298 iila
406 2266 547 2300 traditio
571 2265 673 2299 habet
697 2264 764 2299 vim
785 2265 1009 2301 constituendi
1035 2267 1074 2301 il-

109 2312 182 2398 &m
208 2323 465 2359 procuratorem
480 2325 540 2361 per
563 2324 621 2355 ea,
646 2325 727 2361 quae
747 2311 855 2360 scripsi
876 2316 966 2364 infra
981 2325 1074 2361 n.55.

108 2376 113 2381 '
185 2373 201 2394 e
247 2385 256 2394 0

162 2361 363 2444 gtqtiiaxime
378 2407 537 2456 procedit
553 2408 630 2445 haec
642 2408 761 2455 opinio
777 2411 956 2451 contraria,
970 2423 1074 2459 quan-

110 2457 158 2492 do
186 2468 384 2504 appareret,
411 2469 484 2504 quo
515 2456 628 2493 animo
650 2454 829 2503 stipulator
858 2458 1075 2505 tradidissem

111 2504 191 2551 quia
214 2515 299 2540 tune
319 2505 472 2551 adjestus
490 2503 600 2551 posset
617 2505 666 2541 uti
688 2506 741 2539 illa
756 2504 943 2549 facultate,
966 2520 1070 2557 quarn

108 2552 290 2600 ‘stipulator
309 2554 421 2588 voluit
450 2553 480 2589 ei
497 2553 597 2596 dare,
622 2563 663 2590 ut
686 2553 820 2591 secutus
838 2554 908 2591 sum
930 2559 1009 2606 infr.
1038 2569 1071 2594 n.

118 2611 172 2647 53.
186 2601 326 2649 &seqq.
344 2602 442 2636 limit.
463 2615 491 2637 i.

162 2649 301 2695 Amplia
326 2649 498 2692 secundo,
522 2659 561 2684 ut
576 2649 662 2685 ficut
687 2650 842 2697 adjestus
868 2664 936 2688 non
959 2653 1071 2699 potest

109 2695 253 2744 ,proprio
288 2698 422 2733 nomine
444 2709 545 2746 agere
565 2698 609 2732 ad
636 2697 908 2747 consequendam
931 2700 1073 2738 solutio-

110 2756 203 2792 nem,
229 2745 278 2779 ita
294 2746 397 2781 etiam
416 2759 484 2781 non
501 2744 599 2794 posfit
614 2747 753 2794 proprio
776 2748 915 2784 nomine
939 2750 1070 2796 protes·

110 2792 173 2827 tari
193 2803 314 2835 contra
337 2793 526 2829 debitorem
543 2820 553 2835 ,
590 2796 743 2842 quamvis
766 2795 889 2831 habeat
911 2809 1012 2844 penes
1037 2798 1071 2834 se

109 2839 309 2888 scripturas:
339 2842 420 2889 quia
439 2840 648 2878 frustratoria
669 2843 715 2877 est
734 2844 958 2890 protestatio,
986 2858 1069 2895 quae

107 2889 312 2934 protestanti
336 2890 460 2925 attioni
478 2901 548 2926 non
563 2890 719 2925 innititur
732 2917 743 2932 ,
773 2892 807 2926 δε
821 2904 926 2928 voces
939 2921 950 2935 ‚
973 2905 1066 2942 quo-

85 2939 87 2941 ’
107 2946 183 2971 rum
206 2949 275 2972 non
298 2938 434 2974 interest
448 2964 459 2978 ,
492 2938 642 2972 exaudiri
665 2951 732 2974 non
756 2939 883 2976 debent
897 2968 907 2982 ‚
935 2942 970 2977 ὅ(
987 2954 1068 2988 pro-

106 2983 244 3019 testatio
264 2985 480 3028 admittitur,
515 2996 555 3021 ut
573 2987 789 3033 protestantis
809 2988 865 3034 jus
892 2990 1067 3025 conserve-

102 3043 186 3073 ιω,
215 3032 271 3068 sed
296 3034 450 3081 adjestus
471 3046 539 3069 non
561 3034 665 3070 habet
693 3036 773 3082 jus,
800 3035 881 3083 quia
908 3038 980 3076 sive
1000 3038 1066 3075 sol.

104 3091 228 3123 vatur,
254 3081 324 3116 five
337 3095 405 3118 non
422 3082 704 3128 solvaturipfius,
725 3093 764 3118 ut
778 3083 896 3130 ipfius,
913 3086 995 3121 nihil
1015 3088 1064 3122 in-

106 3128 235 3170 terest,
264 3129 345 3164 item
372 3129 549 3177 prohibito
578 3142 667 3173 uno,
693 3130 872 3167 censentur
895 3134 1064 3182 prohibita

106 3176 233 3218 omnia,
248 3189 331 3225 quae
346 3177 548 3215 ordinantur
560 3179 602 3214 ad
617 3178 702 3213 illud
714 3206 724 3220 ,
752 3179 776 3213 l.
789 3181 839 3216 16.
850 3184 1005 3229 oratioff.
1022 3185 1064 3219 de

97 3224 206 3274 spons.
232 3224 289 3261 sed
312 3226 513 3272 protestatio
541 3226 719 3262 ordinatur
753 3227 796 3262 ad
827 3229 1063 3267 instituendam

105 3273 284 3315 astionem,
302 3285 373 3321 qua
389 3285 480 3311 caret
502 3275 668 3321 adjectus,
691 3285 731 3311 ut
745 3275 836 3312 dixi:
865 3290 960 3325 ergo.

44 3326 92 3369 48
155 3321 322 3363 Declara,
350 3322 584 3369 restringendo
605 3323 697 3358 istam
725 3324 995 3371 ampliationem,
1023 3339 1064 3366 ut

104 3367 200 3403 secus
216 3369 253 3405 fit
263 3397 274 3411 ‚
294 3369 318 3404 si
329 3371 483 3417 adjec'tus
497 3370 738 3416 protestaretur
753 3384 823 3407 nori
837 3376 972 3412 nomine
985 3389 1064 3424 pro-

106 3416 182 3463 prio
196 3443 207 3459 ,
231 3417 289 3454 sed
315 3419 451 3453 nomine
473 3418 703 3465 stipulatoris:
740 3421 822 3468 quia
841 3420 906 3458 isto
927 3425 1062 3460 nomine

103 3463 214 3509 posset
230 3467 426 3512 protestari,
447 3477 525 3501 cum
541 3466 694 3513 adjectus
710 3467 884 3505 censeatur
900 3483 1062 3518 procura-

93 3522 160 3607 ¹tsoi·
179 3513 224 3547 ad
244 3514 469 3596 regipiendam
487 3514 711 3558 solutionem,
728 3527 787 3563 per
800 3528 838 3551 ea
851 3530 936 3567 quae
950 3520 1062 3569 scripsi

119 3569 200 3607 upra
213 3573 275 3608 n.3
304 3591 313 3600 .

44 3618 92 3651 49
150 3606 222 3644 Sed
238 3619 464 3658 procurator,
482 3611 690 3648 constitutus
701 3611 744 3646 ad
760 3612 986 3659 recipiendam
1009 3617 1063 3653 so.

101 3654 288 3701 lurionem,
314 3659 427 3707 potest
443 3662 478 3698 &
489 3660 592 3697 debet
605 3660 638 3697 se
652 3659 853 3709 praesentare
867 3663 1061 3713 conspectui

51 2412 98 2455 46

23 2679 99 2718 :⁴7

1152 241 1341 285 debitoris,
1370 247 1570 284 recepturus
1589 233 1794 274 solutionem
1811 265 1821 281 ,
1852 240 1886 274 &
1907 251 1969 285 pro
1994 252 2032 275 ea
2058 241 2117 275 de-

1151 290 1210 323 bet
1234 289 1341 334 ipsum
1363 285 1668 334 extrajudicialiter
1697 288 1869 335 requirere
1899 287 2055 324 faciendo
2079 290 2113 323 ei

1153 336 1277 374 fidem,
1312 336 1408 382 quod
1438 335 1539 370 habet
1567 346 1669 380 penes
1696 335 1729 368 se
1762 335 1959 382 scripturam
1989 337 2018 370 in
2045 348 2114 385 qua

1154 385 1201 418 est
1225 383 1375 431 adjestus
1396 385 1429 417 z&
1447 384 1524 424 ubi,
1555 382 1606 417 liis
1627 383 1768 430 perafflis
1782 410 1790 424 ,
1817 384 1945 418 recuset
1970 383 2111 425 solvere,

1152 432 1258 467 debet
1283 431 1375 477 posse
1396 431 1508 466 facere
1530 442 1568 465 ea
1591 457 1600 472 ,
1638 442 1697 477 per
1718 442 1801 478 quae
1825 431 1978 471 conflet,
2009 432 2041 466 se
2067 433 2114 467 sa-

1153 479 1311 516 tisfecisse
1335 479 1396 514 suo
1416 479 1575 514 mandato
1592 505 1601 520 ,
1619 478 1698 526 quia
1713 479 1802 524 paria
1825 478 1929 512 essent
1947 505 1956 520 ,
1982 491 2048 513 iioii
2064 480 2112 515 fe-

1151 527 1251 570 cisse,
1282 527 1335 564 vel
1358 525 1498 571 feciffe,
1529 528 1562 562 δε
1589 538 1657 562 nori
1680 525 1775 572 posse
1797 538 1959 573 apparere
1977 553 1984 566 ,
2008 526 2040 561 se
2065 527 2112 562 se-

1151 575 1250 610 cisse:
1280 587 1364 622 crgo
1382 574 1592 621 debetlposse
1612 586 1729 610 coram
1757 575 1897 609 testibus
1913 601 1921 613 ,
1956 574 2011 609 vel
2036 586 2112 623 per-

1149 623 1222 658 ada
1241 623 1377 670 publica
1401 614 1530 663 faede,
1556 635 1593 659 ut
1611 622 1764 664 conflet,
1789 622 1886 671 quod
1903 635 1969 657 iion
1987 621 2112 669 perse,

1149 671 1204 706 sed
1228 683 1286 718 per
1301 671 1490 706 debitorem
1509 671 1621 713 stetit,
1640 672 1824 718 quominus
1844 670 2043 707 solutionem
2060 683 2112 705 re-

1149 719 1298 766 ceperit:
1313 719 1368 754 sed
1384 731 1414 752 in
1431 718 1502 753 lioc
1516 718 1700 754 virtualiter
1716 718 1859 755 includit
1877 716 2016 754 effeetus
2031 730 2112 766 pro-

1149 767 1354 804 testationis:
1391 776 1475 815 ergo
1501 766 1585 802 ficut
1607 766 1782 814 protestari
1807 778 2033 815 procurator,
2061 767 2110 802 ita

1147 816 1258 863 potest
1285 815 1449 862 adjeftus.

1195 863 1426 899 Confirmatur
1445 862 1523 898 haec
1540 862 1747 905 declaratio,
1771 862 1854 912 quia
1870 860 2049 912 loquendo
2071 862 2106 898 in
2123 865 2168 902 50

1144 909 1264 948 litteris
1280 911 1400 947 cambii
1416 938 1427 953 ,
1451 911 1606 958 adjesms
1618 911 1851 958 praesentando
1865 912 1994 948 litteras
2012 923 2106 947 eam-

1146 960 1193 995 bii
1215 960 1261 995 illi
1283 985 1294 1002 ,
1323 960 1355 994 in
1380 971 1482 1007 quem
1510 960 1556 996 est
1583 959 1666 995 fasta
1686 960 1814 1002 uasta,
1851 959 1981 996 dicitur
2007 960 2107 995 inter-

1146 1009 1291 1055 pellare,
1318 1009 1351 1043 ὃς
1377 1009 1458 1043 ideo
1485 1009 1606 1044 exinde
1632 1008 1789 1050 debitor,
1824 1007 1876 1044 uti
1904 1007 2110 1044 constitutus

1145 1058 1178 1091 in
1206 1069 1323 1099 mora,
1355 1067 1488 1092 tenetur
1515 1057 1558 1091 ad
1574 1055 1749 1098 imeresse,
1779 1059 1850 1092 Rot.
1868 1056 2010 1092 Genuen.
2035 1057 2108 1092 dec.

1171 1118 1203 1139 0.
1218 1107 1330 1147 alias,
1355 1104 1413 1149 sub
1431 1118 1461 1140 n.
1477 1118 1509 1151 3.
1525 1108 1611 1153 vers.
1622 1106 1766 1151 ficrcndo
1787 1104 1953 1141 dicebant.
1987 1103 2025 1140 Si
2043 1115 2108 1151 po-

1145 1154 1206 1189 test
1225 1153 1456 1201 interpellare,
1482 1155 1516 1194 &
1531 1154 1742 1189 constituere
1761 1153 1791 1187 in
1808 1164 1923 1194 mora,
1944 1163 2029 1200 ergo
2042 1165 2108 1199 po·

1144 1202 1206 1238 test
1229 1201 1495 1249 interpellando,
1522 1201 1718 1249 protestari,
1747 1213 1825 1235 cum
1844 1201 2046 1248 protestatio
2067 1199 2108 1236 fit

1142 1249 1187 1285 de
1205 1261 1343 1290 natura,
1373 1251 1407 1285 ὃς
1437 1258 1596 1296 tanquam
1618 1249 1840 1284 accefforium
1861 1248 2107 1297 interpellatio·

1143 1299 1217 1340 nis,
1247 1299 1281 1333 ὅ(
1306 1298 1352 1334 ita
1379 1299 1447 1333 fine
1477 1297 1695 1334 dubitatione
1723 1299 1851 1332 servant
1875 1296 1985 1345 passim
2016 1307 2106 1331 mer-

1142 1358 1275 1383 catores
1305 1345 1523 1388 Genuenses,
1554 1357 1592 1381 ut
1616 1343 1771 1392 adjestus
1797 1345 1982 1380 litterarum
2009 1345 2103 1380 solu-

1143 1395 1248 1438 tioni,
1280 1396 1338 1430 seu
1367 1393 1637 1442 correspondens
1663 1393 1843 1430 creditoris
1862 1420 1873 1434 ,
1903 1394 2102 1429 nominatus

1142 1444 1175 1478 in
1191 1444 1310 1479 litteris
1324 1443 1457 1484 cambii,
1479 1441 1576 1491 poffit
1589 1443 1622 1478 in
1634 1441 1711 1478 foro
1726 1441 1908 1479 Placentiae
1922 1440 2104 1487 protestari

1142 1492 1268 1528 litteras
1287 1492 1493 1534 cambii‚im0
1509 1502 1642 1527 tenetur
1658 1490 1835 1539 protestari
1851 1502 1891 1525 ex
1911 1489 2103 1537 dispositio-

1140 1553 1182 1575 ne
1199 1542 1401 1576 statutoruni
1427 1540 1658 1575 Genuenfium
1672 1568 1681 1583 ,
1705 1551 1744 1576 ut
1758 1539 1860 1574 latius
1882 1537 2102 1587 scripfifiipra

1138 1588 1224 1638 gloss.
1245 1601 1274 1634 5.
1291 1602 1321 1623 n.
1338 1589 1417 1634 318.
1431 1590 1466 1626 ἐν
1486 1600 1565 1634 3²¹·
1586 1588 1642 1625 ubi
1661 1588 1788 1624 videas.

1186 1633 1348 1672 Extende
1364 1637 1476 1684 primo
1491 1638 1577 1672 hanc
1598 1636 1862 1673 declarationem
1877 1660 1888 1677 ,
1920 1629 2099 1683 loquendo
2117 1637 2156 1675 5¹

1141 1685 1175 1720 in
1197 1685 1317 1720 litteris
1343 1685 1480 1726 cambii,
1507 1696 1549 1720 ut
1570 1684 1737 1732 procedat
1751 1712 1760 1727 ,
1789 1683 1887 1719 etiam
1902 1683 1924 1717 fi
1945 1682 2100 1731 adjestus

1138 1745 1207 1769 non
1222 1735 1364 1769 doceret
1380 1733 1425 1768 de
1444 1733 1576 1774 litteris,
1591 1745 1676 1781 quas
1692 1743 1840 1774 vocant,
1855 1731 1997 1778 d'aviso.
2013 1731 2096 1780 quia

1137 1781 1356 1817 nihilominus
1376 1780 1486 1829 posset
1505 1781 1680 1831 protestari
1699 1781 1830 1817 litteras
1843 1779 1979 1815 nomine
1991 1780 2099 1828 stipu-

1137 1831 1265 1866 latoris.

1188 1875 1345 1914 Extende
1365 1874 1538 1920 secundo,
1567 1887 1606 1915 ut
1630 1876 1814 1925 procedat,
1841 1877 1910 1915 five
1926 1874 1964 1913 fit
1984 1876 2097 1926 adjec-
2114 1893 2156 1930 5²
2212 1918 2226 1927 ,

1138 1938 1193 1962 tus
1222 1927 1383 1963 solutioni
1405 1928 1588 1964 litterarum
1617 1927 1851 1963 solvendarum
1878 1925 1919 1961 ab
1953 1925 2098 1972 ipsomet

1137 1975 1315 2016 debitore,
1344 1976 1404 2023 qui
1428 1974 1510 2010 fecit
1526 1975 1653 2011 litteras
1669 2002 1677 2017 ,
1710 1975 1778 2011 five
1804 1975 1842 2010 sit
1866 1974 2019 2020 adjectus
2049 1976 2100 2011 so-

1137 2018 1257 2059 lutioni
1280 2025 1464 2059 litterarum
1504 2022 1737 2060 solvendarum
1765 2022 1785 2058 a
1814 2020 2023 2058 mandatario
2045 2025 2099 2070 ip-

1137 2073 1202 2107 fius
1215 2073 1390 2113 debitoris,
1407 2082 1512 2118 prout
1527 2072 1668 2108 locutus
1690 2071 1758 2107 sum
1775 2084 1827 2106 nu.
1843 2072 1983 2118 praeced.
1995 2071 2098 2121 &su-

1132 2131 1198 2168 pra
1217 2133 1271 2155 nu.
1284 2123 1317 2156 6.
1335 2120 1416 2168 quia
1441 2131 1596 2168 utroque
1622 2119 1700 2155 casu
1726 2119 1853 2167 poterit
1876 2119 2003 2166 absque
2031 2120 2099 2155 ulla

1135 2167 1324 2205 differentia
1346 2167 1457 2203 valide
1475 2169 1678 2215 protellari3
1700 2169 1735 2203 ὅ(
1755 2168 1800 2204 de
1813 2167 1986 2203 contrario
2008 2167 2098 2203 reete

1134 2216 1281 2263 dubitari
1297 2219 1367 2252 non
1383 2217 1506 2264 potest.

1182 2264 1308 2301 Limita
1331 2265 1440 2312 primo
1454 2274 1546 2300 nunc
1564 2260 1702 2300 eandem
1725 2262 2003 2307 conclusionem,
2029 2276 2092 2313 po·
2108 2274 2150 2312 53

1133 2314 1225 2349 fitam
1238 2315 1344 2361 stepra
1362 2326 1392 2348 n.
1415 2325 1469 2359 39.
1493 2325 1532 2349 ut
1549 2325 1618 2350 non
1642 2312 1829 2360 procedat,
1858 2314 2001 2361 quando
2032 2313 2095 2349 ad-

1131 2363 1240 2410 jestus
1273 2362 1354 2398 esset
1390 2361 1489 2396 etiam
1513 2372 1718 2408 procurator
1744 2361 1949 2408 stipulatoris
1965 2386 1975 2403 ‚
2011 2363 2094 2411 quia

1133 2421 1217 2447 tunc
1236 2409 1348 2457 poslet
1375 2409 1510 2445 nornine
1531 2409 1772 2457 procuratorio
1789 2421 1905 2456 petere
1921 2436 1931 2450 ,
1959 2410 1992 2445 ὃς
2015 2421 2093 2457 age·

1131 2470 1168 2494 re
1183 2469 1301 2496 contra
1318 2458 1507 2494 debitorem
1523 2462 1619 2506 Juxta
1636 2456 1832 2494 facultatem
1846 2485 1856 2499 ,
1882 2457 1938 2492 fibi
1954 2458 1986 2493 in
2002 2471 2093 2494 man-

1132 2506 1215 2543 dato
1249 2506 1460 2548 concessam,
1500 2506 1597 2554 quod
1623 2518 1687 2554 pro
1712 2507 1801 2542 bona
1824 2506 1959 2542 cautela
1993 2516 2092 2543 notat

1132 2554 1260 2590 Strach.
1277 2556 1374 2594 trabi.
1397 2554 1440 2589 de
1460 2555 1581 2599 adjeff.
1602 2568 1637 2603 p.
1659 2567 1687 2592 1.
1703 2567 1789 2590 num.
1803 2554 1861 2597 48.
1885 2565 1959 2589 tom.
1976 2557 2009 2591 6.
2018 2566 2091 2604 pa,

1146 2604 1188 2638 ol.
1204 2605 1222 2638 8
1252 2626 1261 2638 .

1118 2605 1151 2653 j
1177 2613 1248 2687 Sensi
1263 2647 1403 2700 quando
1418 2646 1522 2688 essent
1544 2652 1574 2687 ei
1589 2650 1688 2686 cessa:
1704 2650 1874 2691 afflones,
1888 2652 1994 2701 Parif
2012 2664 2086 2687 con·
2103 2662 2147 2698 54

1117 2699 1175 2747 Ji’l.
1194 2712 1270 2747 107.
1289 2704 1459 2748 quaeritur,
1480 2700 1547 2748 fiib
1564 2712 1594 2734 n.
1620 2713 1650 2746 5.
1675 2699 1732 2734 lib.
1753 2713 1783 2745 3.
1804 2699 1858 2734 vel
1885 2699 1966 2735 esset
1980 2700 2087 2735 fastus

1129 2757 1333 2794 procurator
1356 2748 1388 2783 in
1407 2762 1473 2785 rem
1488 2748 1676 2795 propriam,
1699 2748 1814 2796 ficque
1835 2747 1917 2783 esset
1935 2747 2088 2795 adjectus

1128 2797 1188 2832 suo
1206 2796 1389 2834 commodo
1403 2824 1412 2839 ,
1428 2798 1474 2833 ita
1491 2796 1590 2844 quod
1607 2796 1750 2842 pecunia
1765 2823 1775 2837 ‚
1798 2795 1854 2831 seu
1869 2796 1930 2830 alia
1957 2808 2008 2831 res
2024 2796 2086 2832 sol·-

1130 2845 1239 2880 venda
1265 2844 1347 2881 esset
1371 2846 1461 2892 apud
1487 2857 1563 2880 eum
1589 2843 1797 2885 remansura,
1823 2854 1896 2890 quo
1919 2844 1994 2880 casu
2017 2845 2085 2880 uti-

1126 2891 1174 2927 les
1199 2894 1347 2929 artiones
1366 2893 1398 2928 in
1420 2905 1496 2928 eum
1513 2893 1676 2928 dicuntur
1695 2894 1863 2927 translata:
1878 2918 1888 2933 ,
1917 2895 2028 2942 Paris.
2045 2892 2081 2928 d.

1124 2942 1313 2990 constl.107.
1331 2954 1424 2986 n.30.
1449 2943 1583 2989 &seqq.
1603 2940 1637 2978 (9⁶
1656 2938 1760 2975 Flam.
1793 2944 1885 2976 Cart.
1907 2941 1979 2976 dec.
2003 2944 2080 2976 126.

1123 3001 1157 3024 n.
1176 3000 1205 3036 ς.
1222 2993 1256 3028 (7
1275 2994 1306 3024 6.
1322 2993 1408 3037 vers:
1424 2990 1647 3038 &praeterea,
1669 2989 1702 3022 δε
1716 2988 1824 3023 multo
1841 2990 1957 3035 magis,
1976 3001 2083 3036 quan-

1123 3036 1170 3084 do
1194 3038 1275 3074 esset
1295 3038 1325 3073 ei
1342 3036 1427 3072 faeta
1444 3037 1636 3086 delegatio,
1660 3037 1897 3072 Flam.Cart.d.
1911 3037 1982 3074 dec.
1999 3049 2011 3070 ii
2023 3038 2080 3071 26.

1111 3086 1177 3134 fich
1202 3099 1233 3121 n.
1258 3100 1288 3132 3.
1313 3087 1400 3133 vers.
1423 3086 1474 3121 his
1499 3099 1558 3120 non
1582 3083 1795 3131 obstantibus,
1824 3084 1860 3122 ᾤ’
1881 3096 1969 3119 num.
1990 3087 2078 3132 seqq.

1121 3145 1195 3169 nam
1213 3134 1262 3171 his
1280 3134 1409 3170 cafibus
1433 3146 1502 3169 non
1517 3133 1628 3168 sumus
1651 3132 1684 3166 in
1715 3132 1910 3179 adJestione
1927 3160 1936 3174 ‚
1967 3132 2023 3167 sed
2045 3132 2080 3167 in

1121 3182 1283 3224 ceffione,
1303 3184 1337 3217 <Sc
1356 3181 1596 3228 delegatione:
1629 3179 1708 3215 ideo
1732 3181 1913 3227 diligenter
1931 3181 1976 3214 esl
1995 3192 2078 3216 con-

1121 3230 1290 3266 sideranda
1311 3230 1417 3265 forma
1431 3229 1630 3276 adJefflonis
1645 3255 1654 3270 ,
1675 3240 1716 3263 ne
1730 3229 1768 3264 fit
1788 3227 1887 3263 celsio
1899 3254 1910 3269 ,
1939 3239 1999 3264 aut
2015 3229 2076 3265 de-

1119 3279 1247 3326 legatio
1264 3304 1273 3320 ,
1306 3279 1360 3314 vel
1377 3278 1461 3312 alius
1480 3277 1685 3313 contrarius.

1155 3326 1279 3362 Limita
1292 3326 1441 3361 secundo
1454 3325 1579 3361 illative
1590 3337 1629 3360 ex
1638 3322 1858 3370 praecedenti,
1868 3332 1908 3360 ut
1918 3334 1984 3360 non
1994 3335 2073 3371 pro·
2088 3324 2133 3363 55

1119 3374 1230 3415 cedat.
1245 3374 1384 3422 quando
1400 3374 1536 3409 debitor
1547 3373 1580 3407 in
1596 3373 1829 3413 instrumento,
1846 3371 1903 3407 seu
1921 3372 2074 3419 apodiffa

1118 3423 1150 3458 se
1164 3423 1331 3470 obligavit
1343 3422 1471 3457 solvere
1486 3421 1657 3461 creditori,
1673 3423 1705 3456 δε
1717 3420 1846 3468 cuique
1856 3420 1909 3454 alii
1922 3421 1979 3468 qui
1989 3433 2073 3468 apo-

1119 3470 1234 3506 dissam
1247 3470 1508 3518 praesentabit,&
1520 3468 1672 3515 adjetstus
1679 3467 1874 3515 scripturam
1889 3469 2008 3504 habeat
2019 3481 2075 3517 pe-

1119 3531 1177 3555 nes
1192 3519 1353 3566 se,eamq;
1378 3518 1533 3553 exhibeat
1547 3516 1580 3550 in
1594 3512 1738 3563 judicio,
1754 3516 1834 3565 quia
1845 3516 1908 3553 isto
1920 3516 1995 3552 casu
2011 3528 2075 3563 pc»

1119 3567 1181 3603 test
1194 3567 1383 3601 debitorem
1397 3564 1580 3601 convenire
1601 3564 1737 3600 nomine
1746 3565 1984 3610 procuratorio
2001 3575 2074 3598 cre-

1119 3615 1288 3656 ditoris‚&
1297 3626 1366 3649 non
1378 3616 1504 3661 tanqua
1513 3607 1897 3658 adjet‘lusssebigffltnde
1905 3612 2090 3647 lirenobitr

1114 3664 1433 3715 gat.art.i.gl.9.n.3
1443 3674 1457 3707 3
1467 3660 1935 3709 ,verspoierir,rom.t.fol,73.
1951 3656 2078 3694 sirach.

1611 3707 1663 3742 Ll
1695 3720 1718 3750 4
1936 3707 1968 3740 d.
1985 3704 2083 3743 tufi„
