2400 3939
247 532 288 570 Ἰ

295 214 404 265 422

298 331 463 379 proinde,
491 332 573 366 dum
590 333 622 366 in
642 332 805 367 societate
834 329 993 364 miscetur
1015 327 1215 379 assecuratio
1231 349 1240 364 ‚

299 380 448 426 ptetium
465 380 668 426 obligationi
683 380 786 415 debet
802 377 998 425 adaequari,
1016 388 1058 411 ne
1069 378 1148 409 alias
1165 373 1244 409 asse-

301 428 489 467 curationis
509 430 655 464 obtentu
680 426 849 464 societatis
871 425 1048 473 aequalitas
1075 422 1243 470 discerpe—

306 487 411 511 retur.

357 524 505 561 Declara
524 524 650 572 quinto
670 525 735 572 (&
750 533 843 557 nunc
859 520 990 556 accedo
1009 519 1050 554 ad
1066 517 1244 555 resolutio-

303 585 382 610 nem
401 573 634 621 quoeslionis)
659 582 696 608 ut
719 570 846 617 justitia
874 569 972 616 pretii
994 580 1059 604 tam
1082 580 1145 614 pro
1162 565 1243 619 asse-

303 624 487 658 curatione
501 633 539 656 ca
566 621 652 656 italis
667 621 699 654 in
717 619 880 654 societate
892 644 902 659 ‚
923 629 1024 665 quam
1040 628 1101 663 pro
1118 615 1245 666 allecu-

305 671 438 705 ratione
448 633 600 716 cujusiris
614 667 751 704 alterius
769 665 920 713 capitalis
931 693 939 707 ‚
959 665 1014 699 seu
1029 665 1133 716 partis
1145 663 1245 702 illius,

304 717 430 754 debeat
447 717 594 764 pendere
612 717 632 752 a
659 715 834 752 communi
859 715 1068 764 prudentum
1097 722 1247 764 virorum

304 765 543 808 aestimatione,
579 764 798 801 consideratis
825 763 1014 811 qualitate,
1040 763 1074 795 ὅ(
1099 770 1247 795 circum—

304 812 432 848 stantiis
451 814 613 860 periculi,
640 818 690 853 Jo.
709 816 818 848 Azor.
837 813 879 846 de
894 812 963 851 insi.
982 810 1099 844 moral.
1121 820 1194 857 par.
1214 818 1246 851 3.

306 861 365 896 lib.
378 873 425 896 u.
442 866 494 897 tir.
507 863 549 897 dc
566 864 719 898 contrari.
733 861 864 902 dubiis,
879 875 908 895 c.
929 860 980 893 18.
997 861 1031 892 in
1040 857 1081 899 fi.
1096 856 1173 892 dub.
1195 866 1248 889 10.

303 910 366 945 col.
384 923 479 946 1022.
503 911 546 945 ad
564 910 724 959 justitiam
753 909 842 944 enim
866 907 1061 942 contraetus
1084 905 1246 940 assecura-

306 957 411 993 tionis
435 959 622 1006 requiritur
642 957 820 1006 aequalitas
846 956 933 991 inter
954 955 1098 1002 pretium
1112 981 1122 996 ,
1150 950 1250 1001 quod

305 1004 406 1040 datur
423 1006 644 1049 assecuranti,
679 1009 712 1042 ὅ(
741 1004 1010 1051 oblzgationem‚
1036 1014 1135 1049 quam
1161 1003 1196 1036 in
1218 999 1250 1035 se

303 1053 442 1100 suscipit
456 1082 465 1097 ,
487 1067 626 1102 nempe,
653 1066 694 1090 ut
713 1053 847 1101 judicio
867 1052 927 1086 viri
946 1051 1187 1099 intelligentis,
1209 1049 1250 1082 il·

302 1102 333 1137 la
350 1103 517 1147 obligatio
534 1104 618 1139 tanti
635 1103 762 1144 valeat,
784 1101 903 1155 quanti
919 1099 963 1135 est
977 1112 1134 1146 pretium,
1149 1097 1248 1148 quod

303 1162 368 1197 pro
385 1163 423 1186 ea
436 1151 561 1195 datur·,
584 1152 672 1187 ficut
689 1163 774 1186 enirn
796 1163 827 1184 in
844 1148 1020 1184 contractu
1045 1148 1247 1195 emptionis,

305 1200 339 1234 ὅ(
355 1199 562 1235 venditionis
579 1199 681 1236 debet
701 1199 823 1235 servari
844 1200 1022 1246 aequalitas
1037 1198 1069 1231 in
1090 1196 1248 1244 pretium,

305 1247 340 1282 ἀ
354 1259 421 1282 rem
439 1248 601 1290 venalem,
615 1249 661 1285 ita
678 1248 712 1283 in
726 1247 972 1283 assecuraiione
987 1246 1073 1282 inter
1088 1245 1248 1292 pretium,

306 1295 342 1330 δε
357 1295 445 1331 illam
466 1297 729 1345 obligationem,
753 1309 834 1344 quae
851 1296 945 1330 alteri
969 1294 1149 1335 venditur,
1167 1295 1246 1327 Leo-

305 1355 380 1379 nar.
396 1346 478 1394 Leff.
493 1346 537 1380 de
553 1347 746 1391 juli.&jur.
760 1345 816 1380 lib.
830 1357 899 1379 2.c.
915 1343 1039 1390 28.sub
1050 1356 1080 1377 n.
1101 1355 1156 1384 24.
1168 1353 1246 1376 ver—

303 1392 336 1433 Ιῖ.
349 1392 423 1428 dico
443 1408 474 1427 2.
502 1395 628 1430 &ideo
647 1407 717 1429 non
735 1392 844 1440 potest
871 1392 903 1426 iri
925 1392 995 1427 lioc
1010 1390 1080 1425 dari
1094 1391 1155 1424 alia
1172 1401 1244 1424 cer-

304 1440 372 1476 tior
391 1443 527 1487 regula:
554 1444 587 1478 &
604 1441 848 1490 licetsup.suh
866 1453 897 1473 n.
919 1453 971 1474 ti.
993 1439 1086 1484 verst.
1107 1438 1246 1474 extende

304 1502 338 1525 1.
363 1491 504 1538 &s‘qq-
528 1492 692 1532 dixerim,
727 1491 845 1536 majori
877 1499 1068 1535 minorique
1087 1487 1243 1534 periculo

300 1550 368 1574 non
394 1539 511 1573 variari
537 1540 707 1586 predum,
733 1550 860 1578 tamen,
884 1537 905 1570 ii
934 1535 1082 1571 exceilus
1106 1536 1143 1570 fit
1159 1536 1246 1570 ultra

300 1585 499 1626 dimidium,
528 1589 701 1622 crederem
722 1599 762 1621 ex
786 1586 905 1621 tutiori
938 1584 1098 1632 apii-,ione
1124 1585 1241 1618 locum

303 1634 367 1671 esse
384 1634 560 1671 rescissioni
583 1636 799 1679 contra6his3
817 1646 941 1682 quare,
958 1645 1035 1667 cuni
1059 1632 1091 1666 in
1107 1633 1247 1666 civitate

304 1683 443 1719 Genuae
460 1684 565 1732 aliqui
588 1696 812 1725 mercatores,
841 1683 954 1717 soluto
971 1681 1026 1714 libi
1043 1682 1131 1715 confi¹
1141 1692 1182 1714 eo
1198 1679 1247 1713 se-

305 1731 462 1766 curitatis
476 1759 485 1770 .
511 1732 554 1767 ad
572 1732 733 1768 rationem
751 1743 904 1779 quatuor
928 1742 991 1776 pro
1007 1729 1145 1776 singulis
1166 1739 1248 1762 cen-

304 1779 413 1821 tenis,
441 1779 680 1815 assecuraisent
696 1792 759 1826 pro
780 1778 883 1815 scutis
907 1790 1013 1824 3000.
1039 1780 1139 1814 :ilium
1162 1788 1248 1810 mer-

307 1838 458 1864 catorem
473 1830 518 1864 de
533 1829 804 1876 supervenientia
826 1829 874 1863 N.
885 1826 1010 1862 Ballivi
1025 1837 1157 1873 inagnae
1173 1835 1252 1858 cru-

308 1875 356 1911 cis
376 1876 610 1918 Milevitanae,
633 1888 694 1924 per
720 1877 771 1911 sex
792 1875 928 1911 futuros
959 1873 1131 1921 proximos
1157 1882 1251 1906 men—

307 1924 378 1964 ses,
406 1935 523 1973 eoque
548 1925 686 1961 Ballivo
708 1925 779 1960 vita
800 1924 919 1959 funflo
946 1923 1023 1957 satis
1044 1933 1123 1956 ante
1151 1921 1250 1955 finem

310 1972 478 2008 diflorum
491 1973 544 2009 sex
560 1975 734 2016 mensium,
752 1984 920 2008 mercator
938 1970 1145 2005 assecuratus
1162 1967 1253 2016 post-

308 2033 349 2056 ea
360 2031 478 2067 ageret
489 2022 533 2056 ad
549 2022 658 2057 distes
676 2021 790 2058 scutos
809 2034 911 2068 3000.
927 2018 1170 2054 assecuratores
1187 2029 1251 2064 op-

308 2071 501 2117 ponebant,
523 2070 556 2106 se
574 2069 672 2105 fuisse
689 2070 876 2117 deceptOS,
907 2080 967 2103 aut
983 2067 1165 2102 enormiter
1193 2066 1254 2116 ¹3²?

307 2118 361 2153 sos
382 2117 416 2152 in
432 2117 519 2153 dista
543 2117 812 2160 assecuratione,
838 2119 872 2153 &
898 2118 1052 2152 lecerunt
1077 2114 1253 2148 examinari

305 2167 431 2208 teste5‚
469 2166 529 2216 qui
555 2166 774 2216 deponebant
791 2194 801 2209 ,
831 2167 924 2201 illum
956 2163 1123 2201 Ballivum
1155 2160 1254 2215 fuisse

305 2226 393 2250 tunc
416 2216 578 2262 temporis
606 2215 694 2252 adeo
732 2216 861 2257 senem,
890 2216 924 2249 <Sc
952 2213 999 2248 ita
1022 2211 1254 2247 incurabiliter

305 2262 473 2298 infirmum
489 2290 499 2305 ,
526 2275 563 2299 ut
580 2264 638 2312 ipsi
660 2263 761 2299 etiam
783 2277 846 2310 pro
865 2262 1007 2297 corilleo
1023 2288 1032 2302 ,
1058 2260 1162 2306 longe
1184 2269 1252 2293 ma-

305 2311 396 2356 jori,
414 2324 482 2346 non
495 2311 746 2355 assecuraffent3
762 2312 853 2347 unde
866 2311 942 2346 satis
957 2310 1253 2360 videbantur'pro-

307 2361 386 2395 bare
404 2360 574 2396 laesionem
599 2361 689 2396 ultra
710 2360 909 2400 dimidium,
937 2360 1008 2393 imo
1022 2358 1127 2403 aliqui
1148 2355 1252 2390 adde-

307 2408 409 2449 bant,
435 2408 534 2456 quod
554 2421 622 2443 non
642 2407 875 2444 assecuraffent
889 2407 988 2444 etiam
1009 2406 1030 2440 si
1053 2416 1100 2456 eis
1115 2402 1253 2456 fuissent

307 2456 380 2492 dati
401 2469 459 2501 90.
482 2469 544 2503 pro
567 2457 786 2500 centenari03
810 2456 880 2491 vidi
902 2469 964 2503 pro
982 2454 1102 2490 tutiori
1119 2463 1255 2504 opinio-

307 2516 351 2539 ne
367 2505 581 2550 judicatum,
604 2505 716 2541 habita
739 2505 1009 2541 confideran'one
1023 2503 1122 2546 super
1145 2511 1251 2551 oxnni-

307 2553 393 2594 bus,
421 2565 494 2601 quo
520 2553 605 2588 illud
631 2554 805 2590 consteum
831 2551 995 2600 potuisset
1020 2549 1087 2584 esle
1109 2559 1254 2596 pretium

308 2600 435 2649 justum
455 2600 640 2637 securitatis
662 2615 724 2648 pro
749 2601 850 2636 scutis
871 2611 975 2646 1500.
994 2600 1028 2634 ὃς
1049 2610 1117 2633 non
1140 2596 1226 2631 ultra
1241 2622 1253 2637 ,

309 2648 535 2696 supponendo
560 2662 623 2697 pro
653 2650 847 2686 indubitato
867 2677 877 2690 ,
905 2648 1004 2696 quod
1029 2648 1062 2681 in
1086 2644 1254 2692 ejusmodi

311 2698 495 2732 contraftu
513 2698 612 2733 etiam
637 2699 706 2733 vita
730 2697 874 2733 hominis
894 2698 933 2732 fit
956 2693 1158 2732 aestimabilis
1179 2719 1188 2734 ,
1215 2703 1256 2728 ut

311 2744 451 2781 secutus
467 2746 536 2781 sum
560 2749 593 2781 in
607 2759 674 2781 meo
694 2747 792 2782 tra-H.
816 2746 858 2780 de
876 2746 982 2790 judic.
1000 2745 1091 2786 caus.
1109 2742 1174 2779 &a
1194 2740 1254 2775 lib.

317 2805 349 2828 2.
362 2806 391 2828 e.
405 2807 435 2828 2.
450 2807 480 2828 n.
492 2806 574 2842 477.

366 2841 510 2888 Explica
523 2869 534 2884 ,
556 2842 639 2878 vitae
656 2841 801 2879 hominis
814 2840 1089 2876 assecurationem
1103 2865 1113 2881 ‚
1127 2837 1172 2873 de
1187 2848 1257 2890 qua

316 2893 430 2927 obiter
449 2891 590 2927 locutus
613 2890 682 2925 sum
699 2891 734 2925 in
748 2890 810 2925 hac
825 2889 1076 2927 declaratione,
1094 2887 1258 2934 praClica-

312 2939 340 2974 ti
353 2966 363 2980 ‚
393 2938 534 2987 quando
552 2939 704 2974 creditor
721 2951 789 2975 non
810 2937 857 2972 est
879 2946 1142 2984 recuperaturus
1163 2933 1258 2969 debi-

312 2997 407 3025 tum,
433 2986 490 3021 nisi
521 2989 600 3033 ejus
621 2987 760 3023 debitor
789 2986 908 3034 aliquo
932 2995 1087 3032 ternpore
1109 2983 1258 3030 supervi-

312 3045 372 3070 vat
387 3061 396 3073 ,
419 3046 459 3070 ut
483 3034 517 3069 in
540 3034 617 3070 casu
637 3036 765 3077 relato,
800 3036 835 3069 ἀ
866 3033 1054 3077 fimilibus3
1083 3043 1122 3067 ut
1147 3042 1231 3078 puta
1247 3057 1257 3071 ‚

312 3083 441 3118 eleetus
452 3082 495 3116 ad
514 3083 783 3130 Episcopatum,
805 3082 891 3130 petit
907 3082 926 3116 a
942 3094 994 3115 me
1006 3089 1130 3115 mutuo
1150 3091 1256 3118 1000.

310 3131 437 3179 quibus
459 3131 626 3166 bullarum
655 3130 908 3177 expeditionem
932 3129 1059 3170 solvat,
1088 3139 1157 3175 ego
1182 3139 1257 3161 mu-

313 3191 400 3220 tuo,
423 3180 458 3214 ὅ(
479 3179 578 3224 quia,
602 3178 835 3226 si‘Episcopus
850 3189 929 3213 ante
945 3178 1103 3224 adeptam
1129 3174 1258 3222 episco-

310 3237 413 3273 patus
435 3225 666 3274 possessionem
683 3254 693 3268 ,
720 3228 774 3261 vel
794 3226 891 3273 post,
916 3224 1110 3272 priusquam
1137 3234 1178 3257 ex
1206 3235 1259 3257 re-

312 3275 442 3312 ditibus
458 3274 540 3308 mihi
557 3274 746 3309 satisfacere
757 3274 868 3321 possit,
880 3273 1053 3314 moriatur,
1071 3284 1139 3319 ego
1157 3284 1257 3306 1000.

314 3334 492 3358 muruatos
508 3322 702 3368 perderem,
730 3332 855 3357 mutuo
880 3322 943 3356 hac
966 3321 1192 3360 conditione,
1219 3331 1259 3354 ut

316 3380 483 3405 mercator
495 3370 618 3418 aliquis
634 3371 796 3406 assecuret
815 3369 977 3417 Episcopi
989 3369 1090 3403 vitam
1109 3368 1184 3414 post
1199 3369 1259 3403 ob-

318 3429 447 3453 tentum
464 3414 694 3464 episcopatum
707 3429 769 3466 per
783 3429 952 3466 quatuor,
968 3417 1022 3451 vel
1034 3416 1190 3464 quinque
1202 3427 1260 3450 an-

317 3477 383 3513 nos
397 3493 408 3506 ,
430 3465 510 3512 quia
527 3477 568 3500 ex
583 3467 718 3501 illorum
737 3477 900 3502 annorum
923 3464 1089 3500 reditibus
1114 3462 1196 3498 mihi
1212 3463 1260 3499 sa-

319 3512 490 3549 tisfaciet:
519 3513 608 3548 idern
636 3516 838 3561 continget,
869 3513 891 3547 si
912 3511 1140 3547 filiusfamilias
1165 3523 1258 3558 petat

319 3562 406 3596 amc
422 3559 598 3607 pecuniam
620 3574 771 3597 mutuam
786 3587 795 3602 ,
817 3563 851 3597 δε
875 3562 978 3609 quia,
1002 3560 1025 3594 si
1048 3561 1074 3594 is
1095 3560 1258 3597 moriatur

317 3620 398 3644 ante
412 3618 537 3654 patrem
551 3634 561 3650 ,
591 3620 658 3655 ego
675 3622 743 3645 non
756 3621 987 3657 recuperarem
1007 3619 1185 3648 mutuum,
1210 3607 1257 3642 se-

319 3668 380 3692 cus
403 3657 427 3691 si
447 3655 541 3704 prius
559 3656 722 3692 moriatur
744 3670 858 3705 pater,
885 3669 1006 3694 mutuo
1025 3668 1063 3691 ea
1086 3656 1257 3692 conditio-

633 189 988 273 Sigismundi
1027 185 1491 251 Sca‘cciae'Tracst.
1538 185 1613 245 de
1641 186 1928 246 Commer.

296 295 337 320 ut
359 283 404 318 fic
438 283 610 320 divideret
628 283 641 320 ἲ
683 282 856 331 respondit
870 308 880 322 ,
908 281 1015 316 afinus
1037 278 1184 315 docuit:
1218 276 1309 310 &ne
1327 303 1334 317 ‚
1369 288 1408 312 ut
1436 290 1604 314 mercator
1622 277 1790 312 affecuret
1811 279 1890 325 ejus
1913 278 2019 313 vitam
2041 272 2121 323 post
2141 286 2233 312 more

1299 337 1365 360 rem
1387 328 1507 372 patris,
1530 330 1626 363 Juan.
1653 329 1761 361 Azor.
1780 325 1822 360 de
1843 327 1940 372 instit.
1959 327 2076 360 moral.
2093 336 2185 374 part.
2203 338 2234 372 3.

1298 374 1382 408 llbro
1395 375 1564 410 undecimo
1586 374 1692 409 iit.de
1718 376 1874 409 contrari.
1902 373 2032 417 dubiis,
2055 379 2162 420 capite
2175 375 2237 408 de-

1297 425 1379 456 cimo
1392 423 1507 458 ofiavo
1528 423 1606 458 duh.
1626 424 1658 457 8.
1683 422 1795 467 versic.
1805 422 1957 469 secunda
1977 426 2099 470 opimo,
2117 424 2235 460 colum.

1304 482 1406 505 1022.
1433 473 1466 506 &
1483 471 1580 518 quod
1597 469 1762 520 ejusmodi
1785 470 1988 506 assecuratio
2009 472 2092 508 vitae
2111 472 2151 507 sit
2164 469 2240 506 lici-

1298 529 1331 553 ta
1347 545 1356 559 ‚
1385 517 1538 567 sequitur
1562 524 1612 557 Jo.
1638 521 1747 553 Azor.
1770 517 1805 553 d.
1822 518 2095 567 vasta-‚secunda
2119 522 2236 569 opinio,

1298 578 1401 614 quem
1425 569 1456 601 in
1475 568 1544 603 hoc
1562 567 1663 601 latius
1679 566 1780 601 retuli
1788 569 1891 616 fiipra
1905 570 1975 615 §.x-
1991 568 2130 617 q.t.sub
2140 581 2234 618 n.97.

1298 614 1391 656 verli.
1405 616 1627 660 confirmatur.

1348 663 1470 698 Tertia
1499 663 1625 710 species
1652 663 1846 698 contrastus
1877 664 1922 698 est
1948 664 2140 711 depos-itum
2155 690 2165 706 ‚
2202 667 2238 702 δε

1300 711 1345 746 de
1359 713 1463 758 liujus
1478 724 1590 759 pretio
1606 711 1704 753 vide,
1725 722 1808 759 quae
1825 711 2018 762 scripsisup.
2034 715 2067 760 §.
2089 725 2118 748 t.
2133 713 2238 760 quaest.

1300 774 1336 842 7i
1351 773 1426 813 parf
1447 762 1595 809 2.ampl.
1623 772 1655 806 3.
1675 771 1762 796 num.
1786 771 1816 805 5.
1839 761 1875 799 ῤ’
1888 763 1982 811 seqq.
2005 762 2066 797 ubi
2088 762 2158 797 late
2183 772 2239 796 ex.

1339 820 1439 843 icam.

1300 821 1324 856 p
1352 859 1484 901 Quarta
1502 855 1629 904 species
1649 855 1696 891 est
1713 866 1871 893 mutuum
1886 884 1896 900 ,
1922 859 1956 893 ἀ
1973 856 2018 891 de
2031 856 2138 905 hujus
2155 855 2245 893 asse«.

1301 905 1480 941 curatione
1494 906 1594 948 vide,
1616 917 1698 954 quae
1718 905 1786 940 late
1798 905 1912 954 scripsi
1920 909 1998 955 sup.
2014 906 2047 951 §.
2065 917 2094 940 ι.
2109 919 2142 955 q.
2159 918 2189 940 ι.
2205 918 2237 940 n.

1301 955 1522 1008 493-&seqq·
1581 1003 1588 1008 ,
1811 1002 1818 1008 ,
1896 972 1919 1008 χ

1350 1004 1432 1039 Dixi
1446 1004 1490 1037 de
1504 1014 1614 1050 pretio
1625 1029 1636 1045 ,
1648 1002 1706 1040 seu
1720 1002 1988 1051 provisionibus,
2010 1012 2094 1050 quae
2112 1002 2242 1038 deben-

1302 1063 1360 1088 tur
1384 1051 1514 1087 ratione
1527 1052 1734 1087 cambiorum
1748 1052 1782 1087 in
1799 1051 1898 1087 variis
1915 1050 2105 1097 speciebus.

1352 1102 1490 1146 Quaero
1520 1101 1669 1142 ottavo,
1704 1113 1746 1136 an
1771 1099 1900 1148 aliquid
1926 1100 2093 1134 debeatur
2111 1099 2243 1136 mione

1301 1150 1422 1184 cambii
1440 1148 1586 1185 minuti?

1348 1193 1559 1244 Respondeo
1571 1224 1580 1239 ‚
1593 1197 1692 1247 quod
1707 1198 1788 1234 huic
1799 1194 1945 1247 quaesito
1959 1193 2103 1231 satisfeci
2118 1196 2152 1243 §.
2161 1203 2241 1243 prae-

1299 1247 1428 1283 cedenti
1434 1246 1485 1296 gl.
1503 1258 1534 1292 3.
1549 1259 1582 1281 n.
1599 1259 1657 1295 97.
1674 1247 1812 1295 &seqq.
1822 1244 1915 1291 verfi.
1929 1245 2044 1294 irgfero.

1299 1378 2234 1454 ataffiffiaaaafflfflffi.

1605 1524 1642 1573 ς.
1670 1535 1709 1578 3.
1734 1518 1867 1565 Gloff.
1890 1538 1933 1578 4.

1507 1651 1561 1691 Et
1583 1653 1771 1695 undecena
1794 1653 1834 1694 di
1856 1652 2024 1708 gabellu-

1551 1781 1992 1823 SUMMARIA.

1306 1899 1450 1934 Gabella
1461 1924 1472 1940 ‚

1307 1951 1342 1985 V
1336 1948 1459 1998 efligal
1470 1974 1480 1989 ,

1306 2000 1449 2032 Dacium
1462 2022 1472 2037 ,
1604 1994 1685 2044 quid
1698 1994 1774 2036 lint,
1796 2009 1840 2031 an
1851 1996 1886 2035 έν
1898 1998 2024 2045 quando
2032 1996 2098 2044 stne
2105 1998 2244 2048 solven-

1307 2046 1509 2093 Pedagium‚
1602 2045 1648 2078 da
1669 2044 1838 2090 remtffive‚
1854 2058 1943 2080 num.
1963 2058 1992 2080 ι.
2019 2046 2186 2096 Qaedam
2202 2060 2244 2082 ex

1308 2093 1509 2128 Guidacium
1522 2119 1532 2133 ,
1602 2093 1652 2126 his
1667 2092 1754 2126 unde
1769 2091 1926 2129 dicantur
1937 2121 1948 2136 ‚
1967 2096 2002 2131 (st
2011 2096 2098 2130 unde
2102 2096 2244 2143 Jblvan-

1305 2144 1511 2183 Portorium,
1603 2151 1676 2182 tur,
1703 2142 1736 2174 in
1753 2153 1813 2187 quo
1830 2142 2006 2187 differant,
2037 2143 2072 2182 ὠ*
2091 2143 2140 2179 ad
2164 2142 2245 2191 quid

1307 2190 1443 2224 Telonia
1461 2216 1471 2231 ‚
1595 2189 1795 2240 solvantur,
1818 2202 1849 2224 n.
1862 2202 1895 2226 2.

1307 2237 1537 2280 Tributum,&

1309 2288 1426 2329 Census

1307 2334 1481 2369 Publicani
1505 2337 1558 2383 qui
1571 2332 1635 2377 stm
1650 2358 1661 2373 ,
1683 2333 1770 2367 unde
1782 2333 1949 2378 dicantur,
1962 2336 2021 2382 sub
2033 2348 2065 2373 n.
2079 2348 2112 2373 2.
2127 2339 2251 2386 Praesu-

1356 2395 1487 2418 muntur
1503 2383 1610 2423 mali,
1624 2379 1688 2428 sub
1707 2381 1819 2416 eodem
1839 2395 1870 2418 n.
1891 2398 1923 2419 2.
1943 2386 2110 2420 Dicuntur
2129 2386 2251 2422 habere

1356 2444 1467 2467 nomen
1478 2431 1683 2478 publicorum
1701 2430 1865 2467 latronum
1876 2459 1887 2476 ‚
1913 2433 2045 2481 limique
2056 2437 2248 2478 temerarii,

1357 2481 1392 2517 ά*
1408 2480 1554 2515 audaces
1566 2505 1576 2521 ,
1591 2490 1621 2512 n.
1639 2489 1669 2523 3.

1312 2526 1672 2576 Undecenastgnificat
1688 2525 1852 2560 decimam
1865 2538 1996 2577 partem
2007 2556 2019 2573 ,
2033 2543 2067 2566 n.
2079 2542 2116 2572 4.

1312 2576 1463 2611 Gabella·
1463 2578 1559 2624 solvi
1576 2574 1671 2610 dehet
1684 2573 1724 2608 ab
1737 2584 1896 2622 emptore,
1919 2577 2054 2628 ideoque
2065 2578 2109 2614 ab
2119 2591 2155 2614 eo
2164 2605 2175 2622 ‚
2192 2583 2250 2627 qui

1361 2624 1423 2659 dat
1444 2624 1569 2660 cambio
1586 2651 1597 2667 ,
1625 2634 1713 2658 num.
1738 2632 1769 2667 5.
1800 2624 1898 2672 Qid
1912 2628 2072 2673 servetur
2108 2627 2247 2669 Genua,

1360 2684 1446 2708 num.
1461 2686 1496 2721 7.

1315 2793 1440 2879 DE
1466 2794 1606 2840 gabellis
1625 2793 1660 2828 in
1679 2793 1867 2830 universum
1880 2821 1891 2837 ,
1908 2796 2137 2843 peculiaribus
2151 2796 2251 2834 editis
2270 2811 2284 2832 ι

1410 2844 1602 2878 tractatibus
1614 2870 1624 2884 ,
1649 2842 1717 2878 late
1733 2842 1919 2888 scripserint
1936 2844 2109 2882 Bertacch.
2133 2846 2169 2882 ὁ
2179 2847 2250 2884 Jul.

1315 2891 1436 2927 Ferret.
1470 2892 1504 2926 ac
1534 2890 1687 2938 proprias
1707 2891 1851 2937 gabellae
1878 2893 2085 2929 cambiorum
2118 2894 2253 2941 regulas

1315 2938 1440 2975 habent
1457 2939 1675 2975 Genuenses:
1703 2939 1795 2973 unde
1809 2941 1928 2986 paucis
1945 2951 2085 2988 agemus
2099 2967 2109 2982 ‚
2128 2943 2156 2989 †
2172 2942 2253 2991 quia
2267 2953 2288 2978 2

1316 2985 1402 3034 quid
1424 2987 1461 3022 sit
1479 2988 1610 3034 gabella
1622 3014 1632 3030 ,
1659 2987 1801 3035 vesligal
1819 3014 1829 3029 ‚
1856 2988 1992 3023 dacium
2005 3016 2016 3030 ,
2045 2989 2228 3039 pedagium
2241 3016 2254 3033 ,

1314 3034 1513 3081 guidacium
1528 3063 1536 3076 ,
1553 3035 1742 3083 portorium
1753 3062 1761 3075 ,
1778 3037 1812 3071 δι
1824 3035 1969 3077 telonia,
1994 3037 2028 3072 δε
2043 3049 2085 3071 an
2101 3038 2255 3086 &quan-

1314 3083 1362 3118 do
1378 3083 1439 3118 fint
1465 3084 1626 3119 solvenda
1642 3110 1652 3125 ,
1678 3084 1712 3118 δε
1728 3093 1854 3118 caetera
1877 3084 2056 3120 necessaria
2069 3111 2080 3126 ,
2109 3086 2254 3134 reperies

1314 3132 1404 3178 apud
1424 3132 1552 3180 eosdem
1576 3134 1708 3168 Bertac.
1726 3132 1762 3168 o·
1780 3132 1903 3169 Ferret.
1922 3136 1949 3180 †
1969 3131 2044 3168 duo
2060 3132 2167 3170 solum
2195 3134 2253 3170 hic
2268 3149 2288 3184 3

1314 3191 1382 3213 non
1399 3179 1538 3214 omnino
1551 3179 1725 3215 omittam:
1751 3178 1898 3215 Primum
1916 3192 2063 3228 quorum
2076 3181 2141 3225 est,
2155 3182 2255 3231 quod

1315 3226 1461 3274 vestigas
1483 3225 1552 3262 fine
1576 3254 1584 3269 ,
1623 3231 1658 3264 δε
1688 3226 1824 3262 materia
1850 3228 1963 3264 differt
1990 3228 2009 3263 ὲ
2029 3229 2162 3266 tributo
2178 3257 2189 3273 ,
2219 3231 2255 3267 δε

1315 3274 1436 3309 censu:
1461 3288 1535 3310 narn
1549 3275 1694 3324 vestigal
1709 3275 1850 3311 solvitur
1863 3276 1907 3312 de
1922 3277 2156 3320 mercimoniis,
2173 3277 2256 3327 qtiae

1315 3322 1488 3358 vehuntur
1517 3322 1762 3371 negotiationis
1791 3323 1900 3371 gratia
1922 3351 1934 3366 ‚
1967 3326 2002 3360 δι
2031 3323 2176 3362 solvitur
2211 3325 2256 3360 ad

1314 3382 1511 3413 murorum,
1543 3371 1702 3418 pontium
1717 3397 1728 3412 ,
1763 3371 1978 3420 aliorumque
1993 3372 2030 3408 id
2055 3385 2165 3421 genus
2190 3384 2257 3421 pu-

1315 3418 1481 3454 blicorum
1508 3431 1650 3475 operum
1678 3417 1894 3455 refestionem
1910 3447 1920 3462 ,
1950 3422 1984 3456 δε
2008 3420 2138 3458 dicitur
2155 3421 2258 3457 vesli-

1313 3467 1369 3513 gal
1397 3467 1417 3502 a
1443 3466 1604 3502 vehendo
1624 3493 1635 3510 ,
1671 3466 1826 3515 itemque
1851 3468 2041 3514 portorium
2072 3468 2094 3504 ὲ
2121 3481 2227 3516 portu
2244 3496 2256 3513 ,

1314 3515 1396 3562 quia
1419 3514 1561 3550 solvitur
1587 3514 1776 3562 portitori,
1806 3518 1870 3550 Sot.
1890 3515 1934 3551 de
1954 3517 2027 3561 jul?-
2048 3516 2085 3554 62·
2106 3520 2174 3562 jur.
2195 3518 2260 3557 lib.

1311 3563 1465 3651 {5⁸5ss
1480 3564 2106 3653 33b223‡¹‘013215⁰‹¹132'¹2'„3;2rf,⁰¹'01⁸2}
2124 3576 2259 3661 ζ’..ῗιῗῧὲ

1308 3655 1504 3701 solvantur,
1518 3657 1588 3693 dixi
1598 3659 1706 3708 supra
1725 3660 1758 3705 §.
1774 3672 1802 3694 ι.
1817 3660 1919 3708 quaest.
1934 3672 1960 3695 t.
1976 3671 2008 3695 n.
2023 3670 2100 3707 195.
2127 3661 2258 3744 Segun-

2199 3719 2256 3745 um
