2400 3939
383 228 503 261 hentes
515 223 559 259 ad
579 230 687 258 certas
710 223 874 256 nundinas
887 247 896 262 ‚
919 218 974 254 seu
995 220 1036 255 ad
1051 218 1111 252 alia
1127 218 1202 251 loca
1219 227 1304 268 cam-

382 275 439 311 bia
459 273 628 313 celebrare
651 270 802 304 simulent
816 295 826 310 ,
850 269 893 303 ad
909 280 991 315 qua:
1007 268 1085 302 loca
1102 266 1122 299 ii
1138 291 1148 307 ,
1169 275 1228 313 qui
1247 275 1304 316 ¹³²:

384 321 517 357 cuniam
550 318 717 364 recipiunt
734 343 744 359 ,
771 317 897 352 litteras
923 314 1061 363 quidem
1087 314 1158 349 suas
1183 314 1304 347 cambii

383 369 523 406 tradunt
537 393 548 408 ,
573 366 627 401 sed
643 378 711 401 non
732 365 934 404 mittuntur,
962 363 1015 397 vel
1035 362 1081 397 ita
1099 362 1279 396 mittuntur
1293 385 1304 401 ,

384 428 426 453 ut
452 414 612 453 transasto
634 424 788 459 tempore
810 439 820 454 ‚
848 411 940 446 unde
961 408 1210 457 processerant,
1235 408 1306 441 ina-

384 476 444 501 nes
460 463 662 502 referantur,
685 470 745 496 aut
767 460 864 495 etiam
881 459 977 493 nullis
996 456 1189 504 huJusmodi
1214 456 1305 492 litte-

385 514 429 549 ris
449 510 579 548 traditis
601 508 744 556 pecunia
770 507 815 541 ibi
838 507 988 555 denique
1003 518 1080 541 cum
1099 503 1236 540 ineresse
1255 516 1304 539 re-

383 559 536 609 poscitur
564 583 575 599 ,
619 555 677 591 ubi
707 555 898 592 contractus
934 553 1044 590 fuerat
1073 552 1262 589 celebratus
1290 565 1304 596 ;

382 620 457 644 tiam
479 607 565 641 inter
581 603 698 639 dantes
714 629 725 646 ,
747 604 782 639 δε
808 603 1006 650 recipientes
1026 601 1133 649 usque
1146 601 1165 635 a
1181 602 1303 649 princi-

381 657 443 703 pio
459 656 504 690 ita
521 663 725 689 convenerat
741 678 751 693 ,
770 651 824 686 vel
842 662 934 687 certe
953 651 1027 686 talis
1044 649 1188 685 intentio
1206 659 1276 684 erat
1288 675 1300 692 ,

380 714 493 751 neque
514 700 693 748 quisquam
715 700 762 735 est
781 725 792 741 ,
812 700 872 748 qui
888 699 920 734 in
937 697 1094 734 nundinis
1108 724 1118 739 ,
1143 708 1202 733 aut
1217 697 1302 732 locis

382 749 575 798 supradiffls
594 747 787 795 hujusmodi
803 749 922 784 litteris
940 746 1084 793 receptis
1096 746 1298 782 solutionem

381 798 507 835 faciat:
530 797 587 832 cui
609 797 697 831 malo
715 796 814 831 simile
837 795 934 831 etiam
952 795 1035 830 illud
1059 795 1106 830 est
1118 819 1130 836 ,
1146 805 1224 829 cum
1241 805 1300 841 pe·

382 846 496 884 cuniae
510 873 520 888 ,
538 846 607 880 five
619 844 760 892 depositi
775 871 784 884 ‚
810 845 878 878 five
893 845 960 880 alio
976 843 1111 878 nomine
1131 842 1198 876 fieti
1210 853 1298 877 carn-

381 895 430 931 bii
445 894 620 931 traduntur
632 919 642 934 ,
663 901 701 927 ut
716 892 830 938 postea
843 892 964 926 eodem
984 892 1017 925 in
1033 892 1113 926 loco
1129 917 1139 932 ‚
1156 891 1209 924 vel
1221 890 1299 925 alibi

378 954 459 979 cum
480 944 578 977 lucro
597 941 821 976 restituantur.
845 939 913 974 Sed
935 941 969 974 δε
992 940 1024 974 in
1047 940 1122 986 ipsis
1135 939 1296 980 cambiis,

375 1003 461 1040 quae
485 990 583 1025 realia
609 987 818 1036 appellantur
839 1013 848 1029 ,
875 987 1042 1023 interdum
1063 1014 1073 1027 ‚
1098 997 1137 1022 ut
1163 986 1205 1022 ad
1232 999 1295 1022 nos

373 1039 555 1086 praefertur
569 1063 580 1078 ,
602 1035 790 1082 campsores
803 1035 1025 1082 praestitutum
1044 1035 1218 1070 solutionis
1231 1046 1298 1070 ter-

326 1106 329 1110 1
375 1097 501 1121 minum
518 1085 614 1120 lucro
634 1096 672 1118 ex
691 1084 792 1118 tacita
808 1109 818 1124 ,
835 1085 889 1118 vel
905 1083 1052 1130 expressa
1066 1086 1296 1118 conventione

282 3564 323 3600 53

373 1144 541 1181 recepto,
562 1132 617 1168 seu
643 1131 742 1167 etiam
769 1132 1007 1167 tantummodo
1029 1130 1186 1178 promisso
1202 1130 1296 1170 diffe-

373 1192 465 1217 runt.
496 1182 594 1225 Quae
609 1180 721 1216 omnia
741 1191 803 1214 nos
823 1179 966 1216 usuraria
987 1180 1052 1215 esle
1068 1180 1294 1222 declaramus,

375 1231 410 1265 &
429 1242 473 1264 ne
492 1228 575 1265 fiant
593 1255 604 1271 ,
626 1226 806 1262 distrifflus
829 1228 1059 1274 prohibemus.

425 1277 533 1313 Porro
546 1277 588 1312 ad
605 1275 775 1312 tollendas
796 1286 942 1323 quoque
961 1276 994 1310 in
1012 1276 1148 1311 cambiis
1161 1303 1171 1319 ‚
1188 1287 1296 1324 quan.

374 1336 446 1362 tum
465 1337 542 1361 cum
566 1325 648 1361 Deo
673 1324 843 1371 possumus
860 1350 870 1365 ‚
893 1323 1086 1360 occasiones
1105 1325 1268 1371 peccandi
1285 1351 1294 1365 ‚

374 1373 580 1420 fraudesque
595 1372 835 1408 foeneratorum
848 1399 858 1412 ‚
871 1372 1046 1407 statuimus
1057 1399 1068 1414 ,
1085 1385 1126 1407 ne
1138 1373 1298 1418 deinceps

375 1422 552 1471 quisquam
577 1423 702 1456 audeat
729 1445 740 1462 ,
773 1419 840 1455 five
867 1420 886 1455 ὲ
907 1420 1074 1466 principio
1090 1446 1100 1461 ,
1127 1421 1195 1457 five
1221 1422 1299 1455 alias

376 1482 506 1506 certum
520 1495 530 1510 ‚
550 1470 584 1504 δε
606 1468 862 1504 determinatum
885 1467 1038 1503 inieresse
1053 1495 1063 1511 ,
1086 1470 1184 1505 etiam
1201 1470 1232 1503 in
1248 1481 1297 1503 ca-

376 1518 446 1553 sum
467 1530 534 1552 non
555 1516 735 1553 solutionis
758 1515 877 1562 pacisci
893 1543 903 1558 ,
923 1528 1037 1564 neque
1057 1518 1153 1552 realia
1174 1518 1300 1552 cambia

376 1567 473 1601 aliter
499 1577 599 1613 quam
624 1577 686 1612 pro
709 1564 822 1611 primis
839 1564 997 1598 nundinis
1013 1591 1023 1606 ,
1047 1565 1104 1600 ubi
1128 1566 1194 1601 illae
1215 1566 1301 1599 cele-

376 1615 540 1655 brantur,
556 1614 611 1650 ubi
637 1625 717 1648 vero
743 1625 811 1646 non
836 1614 1049 1647 celebrantur
1071 1639 1081 1654 ‚
1103 1626 1165 1660 pro
1189 1615 1302 1660 primis

376 1662 546 1704 terminis,
564 1663 658 1708 Juxta
670 1671 841 1707 receptum
856 1661 1011 1696 locorum
1025 1661 1116 1697 usum
1134 1673 1300 1702 exercere,

374 1710 480 1745 abusu
502 1710 561 1744 illo
578 1710 712 1756 prorsus
734 1708 860 1753 rejeflo
872 1736 882 1750 ,
900 1710 1025 1743 camba
1046 1721 1106 1755 pro
1123 1708 1275 1744 secundis
1291 1737 1301 1752 ,

377 1759 411 1794 ὅ(
440 1758 599 1804 deinceps
619 1756 773 1794 nundinis
800 1783 809 1797 ‚
833 1757 901 1791 five
927 1757 1072 1791 terminis
1094 1759 1299 1799 exercendi,

377 1807 564 1842 curandum
579 1816 688 1842 auten-i
710 1805 773 1840 erit
791 1805 823 1838 in
847 1804 993 1840 terminis
1006 1831 1016 1846 ‚
1032 1816 1069 1840 ut
1085 1806 1170 1840 ratio
1184 1806 1302 1840 habea—

376 1864 434 1890 tur
448 1853 725 1903 longinquitatis,
740 1854 773 1888 ὅ(
790 1853 969 1888 vicinitatis
984 1853 1138 1888 locorum
1152 1880 1160 1894 ‚
1178 1853 1210 1888 in
1225 1855 1302 1901 qui-

378 1902 443 1936 bus
463 1902 588 1938 solutio
614 1901 798 1937 destinatur
822 1927 831 1940 ‚
852 1901 975 1935 nedum
998 1901 1169 1947 longiores
1190 1902 1301 1948 pra-fi-

375 1961 529 1997 guntur,
550 1961 651 1998 quam
676 1950 751 1985 loca
769 1948 943 1984 dellinatae
970 1948 1148 1985 solutionis
1171 1950 1300 1985 deridet

377 2008 475 2039 rant,
500 1998 687 2034 soenerandi
717 1997 817 2032 detur
844 1997 989 2032 occasio.
1152 2016 1154 2018 v

426 2046 643 2094 Quicunque
660 2055 778 2081 contra
801 2045 887 2079 hanc
917 2044 1059 2080 nostram
1085 2044 1303 2082 constitutio-

376 2106 451 2129 nem
472 2094 672 2130 commiserit
687 2120 697 2135 ,
723 2092 834 2139 poenis
852 2092 872 2127 ὲ
893 2092 990 2128 sacris
1013 2094 1197 2129 canonibus
1220 2107 1302 2130 con-

375 2152 431 2178 tra⁴
454 2141 625 2177 usurarios
651 2141 783 2176 inflictis
803 2139 835 2177 se
860 2141 993 2176 noverit
1021 2142 1201 2188 subjacere.
1233 2143 1300 2178 Eas

378 2202 462 2225 vero
479 2217 489 2232 ,
516 2190 577 2238 qui
610 2189 874 2237 conspirationes
900 2189 1042 2225 fecerint
1068 2216 1078 2231 ‚
1102 2191 1156 2225 vel
1176 2203 1302 2238 conge-

375 2239 457 2273 stam
479 2239 633 2286 undique
651 2236 827 2284 pecuniam
851 2237 897 2271 ita
914 2236 957 2271 ad
977 2236 1008 2272 se
1027 2238 1216 2285 redegerint
1231 2266 1241 2280 ,
1262 2252 1301 2276 ut

375 2287 469 2334 quasi
499 2286 733 2333 monopolium
759 2285 915 2332 pecuniae
945 2284 1057 2321 facere
1085 2287 1263 2322 videantur
1289 2315 1298 2329 ‚

375 2335 489 2381 poenis
503 2362 513 2378 ‚
531 2346 612 2384 quae
628 2335 648 2369 a
661 2335 736 2381 jure
752 2345 869 2369 contra
887 2344 1082 2370 exercentes
1102 2336 1298 2382 monopolia

376 2383 573 2419 constitutae
598 2381 694 2425 sunt,
723 2382 828 2417 teneri
852 2380 1027 2417 sancimus.

427 2431 600 2466 Volumus
622 2440 734 2465 autem
759 2456 768 2471 ,
792 2428 891 2477 quod
916 2431 1097 2475 praesentes
1114 2431 1240 2467 litterae
1265 2432 1298 2467 in

376 2479 517 2514 camera
532 2478 751 2525 Apostolica‚
773 2479 806 2512 ἀ
819 2476 862 2511 ad
880 2477 993 2511 valuas
1007 2477 1160 2514 Basilicae
1173 2479 1295 2516 Princi-

374 2527 427 2574 pis
446 2527 692 2574 Apostolorum
710 2527 754 2561 de
771 2525 890 2566 Urbe,
911 2526 946 2560 δε
960 2525 1181 2562 Cancellariae
1196 2528 1294 2563 etiam

374 2575 590 2621 Apostolicae
613 2575 825 2620 publicentur
839 2599 850 2615 ‚
870 2574 903 2607 <Sc
922 2573 953 2607 in
978 2573 1045 2620 ipsa
1068 2576 1208 2611 Camere
1224 2576 1294 2610 des.

372 2623 547 2663 eribantur
564 2649 574 2664 ‚
600 2625 634 2658 ὃς
653 2623 733 2671 quia
754 2620 890 2656 difficile
907 2621 998 2656 foret
1019 2633 1075 2657 eas
1100 2622 1142 2657 ad
1170 2624 1296 2670 singula

373 2681 528 2720 quaeque
549 2670 627 2706 loca
647 2669 768 2706 deferri
790 2695 800 2712 ‚
831 2670 926 2718 quod
948 2680 1060 2705 earum
1086 2670 1296 2718 transumptis

373 2718 472 2754 etiam
493 2718 648 2765 impressis
662 2746 672 2760 ,
692 2728 790 2753 manu
804 2719 947 2764 alicujus
962 2718 1110 2766 ejusdem
1128 2718 1293 2762 Camerae,

376 2768 429 2801 vel
447 2766 581 2803 alterius
605 2766 740 2802 Notarii
762 2765 953 2811 subscriptis
967 2791 978 2807 ‚
1006 2768 1040 2802 ὃ(
1064 2766 1172 2815 figsslo
1194 2768 1293 2804 dietae

372 2815 526 2852 Camerae
539 2841 550 2857 ,
570 2816 623 2851 vel
642 2815 773 2850 Praelati
789 2813 1011 2848 Ecclefiaslici
1030 2816 1164 2851 munitis
1177 2816 1293 2851 eadem

399 2863 509 2897 rorsus
522 2862 606 2898 hdes
628 2863 826 2898 adhibeatur
839 2887 849 2902 ‚
870 2872 952 2910 quae
967 2862 1186 2908 praesentibus
1199 2865 1292 2900 adhi-

400 2920 513 2946 eretur
525 2937 535 2953 ‚
552 2911 574 2945 si
588 2908 711 2947 fuerint
730 2909 890 2946 exhibitae
907 2936 918 2950 ‚
952 2911 1008 2945 vel
1028 2911 1176 2949 ossensae.

422 2958 522 2994 Nulli
545 2971 628 3005 ergo
650 2958 787 2995 omnino
809 2957 983 2992 hominum
1004 2959 1106 2995 liceat
1128 2960 1215 2995 hanc
1232 2972 1291 3007 pa-

371 3006 483 3053 ginam
500 3008 623 3043 nostrae
638 3006 880 3047 damnationis,
901 3006 1157 3050 declarationis,
1178 3008 1292 3054 prohi-

370 3055 531 3097 bitionis,
553 3055 666 3091 statuti
681 3081 690 3096 .
708 3054 903 3095 aristionis,
925 3054 960 3089 &
980 3055 1166 3091 voluntatis
1179 3056 1292 3091 infrin-

370 3114 464 3150 gere,
490 3102 544 3139 vel
564 3103 595 3138 ei
611 3103 693 3139 ausu
712 3102 886 3138 temerario
906 3103 1098 3138 contra-ire.

420 3150 551 3199 Siquis
572 3162 683 3186 autem
700 3151 768 3185 hoc
781 3159 946 3186 attentare
959 3150 1201 3197 praesumpserit
1216 3180 1226 3195 ‚
1243 3152 1290 3186 in·

370 3199 604 3246 dignationem
632 3198 886 3245 Omnipotentis
911 3197 981 3233 Dei
1006 3224 1016 3239 ,
1042 3209 1083 3233 ac
1105 3198 1290 3236 Beatorum

370 3247 487 3289 Petri,
508 3248 542 3283 &
564 3247 657 3282 Pauli
675 3246 920 3292 Apostolorum
945 3247 1021 3292 ejus
1041 3245 1074 3280 se
1093 3247 1225 3283 noverit
1239 3247 1291 3282 in-

371 3295 557 3330 cursurum.
573 3295 701 3331 Datum
718 3294 855 3334 Romae,
871 3292 962 3339 apud
973 3294 1127 3330 sanetum
1143 3295 1290 3337 Petrum,

372 3343 479 3377 Anno
496 3343 740 3377 Incarnationis
759 3342 956 3379 Dominicae
968 3369 978 3383 ‚
996 3342 1175 3378 Millefimo
1191 3343 1291 3391 quin-

373 3391 555 3434 gentesimo
582 3389 826 3437 septuagesimo
853 3389 973 3437 quinto
1001 3389 1078 3425 Kal.
1103 3391 1289 3437 Februarii.

375 3436 598 3472 Pontificatus
623 3438 727 3473 nostri
748 3449 834 3472 anno
861 3450 917 3472 vi.

371 3485 474 3518 PIUS
501 3487 685 3521 PAPAV.
720 3486 783 3521 Ad
804 3496 995 3533 perpetuam
1015 3489 1066 3520 rei
1091 3490 1291 3525 memoriam.

455 3531 488 3566 X
517 3532 638 3567 debito
662 3533 832 3578 pastoralis
858 3533 960 3568 officii
983 3534 1082 3569 nobis
1097 3560 1107 3576 ‚
1132 3535 1212 3571 licet
1231 3535 1291 3569 im-

456 3579 577 3615 meritis
597 3580 723 3615 Divina
743 3581 960 3627 dispositione
978 3609 988 3621 ,
1011 3582 1168 3617 commissi
1182 3610 1191 3624 ,
1211 3595 1291 3629 erga

368 3629 491 3663 Lhrifli
523 3627 673 3663 fidelium
701 3628 930 3664 universorum
956 3629 1075 3665 statum
1103 3631 1256 3677 prospera
1279 3657 1290 3671 ,

368 3676 598 3725 foeliciterque
624 3675 837 3724 dirigendum
863 3688 995 3713 omnem
1022 3680 1141 3716 mentis
1166 3679 1293 3715 nostrae

726 127 1079 214 Sigismundi
1103 126 1343 185 Scacciae
1372 126 1571 187 Tra&
1597 127 1672 188 de
1699 131 1990 200 Commer.

1354 217 1458 252 aciem
1483 216 1604 252 affidue
1629 217 1839 253 intendentes
1864 246 1873 260 ,
1905 218 1982 253 illos
2009 222 2183 269 praecipua
2213 237 2273 261 cu.

1354 276 1388 298 ra
1409 291 1419 307 ,
1445 265 1630 312 studioque
1654 265 1772 312 majori
1797 265 2030 313 prosequimur
2050 296 2060 310 ,
2088 282 2176 318 quos
2201 283 2273 308 tan,

1354 324 1455 360 quam
1477 313 1662 360 peculiares
1685 313 1783 349 etiam
1808 315 1983 361 temporali
2003 317 2118 353 nostro
2137 346 2147 360 ‚
2178 321 2211 355 δε
2232 321 2268 356 8.

1354 360 1520 396 Romanae
1553 361 1716 397 Ecclefiae
1755 363 1924 408 regiminis
1958 365 2109 400 conmisit
2143 368 2270 403 Aitiffi-

1355 420 1429 443 mus
1444 435 1453 451 ,
1481 410 1517 445 δε
1542 421 1578 444 ea
1598 436 1608 452 ,
1638 421 1720 456 quae
1739 422 1802 457 pro
1823 411 1957 457 pubiioe
1980 437 1990 452 ‚
2015 417 2272 463 privataqueil-

1353 457 1462 492 lorum
1485 458 1632 493 utilitate
1651 482 1663 499 ,
1686 460 1720 493 &
1746 458 1990 493 commoditate
2019 463 2160 506 provida
2186 475 2269 500 con-

1354 504 1552 542 sideratione
1572 505 1725 541 ordinata
1744 507 1806 541 effe
1828 507 2008 552 reperimus
2023 534 2032 549 ,
2054 520 2126 556 quo
2146 511 2270 548 firmio-

1353 565 1389 588 re
1414 554 1523 601 gradu
1556 554 1704 589 nitantur
1727 580 1738 596 ‚
1769 555 2020 601 approbationis
2053 558 2174 594 nostra:
2209 562 2268 596 be-

1352 599 1476 637 neficio
1495 602 1636 638 libenter
1660 602 1848 638 stabilimus.
1871 603 1993 649 Nuper
2019 604 2208 652 fiquidem,
2229 610 2268 643 si-

1350 660 1411 685 cut
1436 649 1630 697 accepimus
1646 675 1657 691 ‚
1681 650 1792 686 dilecti
1821 649 1880 684 filii
1907 662 2108 688 mercatores
2132 656 2266 691 Civita-

1349 698 1394 733 tis
1411 697 1584 734 Bononiae
1604 698 1758 746 publico,
1779 700 1813 734 &
1836 698 1968 746 privato
1985 700 2077 736 bono
2091 728 2102 743 ,
2116 714 2156 738 ac
2169 715 2266 749 corn-

1349 745 1476 788 modo,
1502 746 1674 796 ipsiusque
1696 747 1844 782 civitatis
1867 746 1985 787 decori
2006 746 2179 786 consulere
2201 764 2265 787 vo-
2312 782 2315 785 Α

1347 794 1452 832 lentes
1467 820 1478 835 ‚
1505 796 1665 830 nonnuiia
1689 795 1851 842 Capitula
1874 796 2030 841 emptorii
2059 796 2114 833 seu
2143 800 2263 836 cambii

1344 842 1439 878 realis
1465 842 1497 877 in
1520 843 1607 878 dista
1628 843 1779 879 Civitate
1795 870 1805 885 ,
1832 842 1881 880 uti
1906 843 2029 880 Romae
2047 871 2057 887 ,
2079 849 2112 881 <Sc
2134 848 2168 881 in
2190 850 2262 895 ple.

1345 890 1460 937 risque
1481 890 1554 926 aliis
1573 892 1756 939 praecipuis
1785 901 1850 927 tam
1877 891 1987 927 Italiae
2011 918 2022 934 ,
2044 906 2144 942 quam
2167 907 2260 932 extra

1343 937 1474 974 Italiam
1493 939 1566 974 fieri
1589 939 1673 976 solet
1693 965 1704 982 ,
1729 939 2012 976 introduffionem
2029 967 2039 982 ‚
2065 945 2098 977 ὃς
2115 943 2260 989 ipsorum

1343 998 1566 1024 mercatorum
1594 1015 1603 1029 ,
1632 989 1840 1035 aliarumque
1864 986 2075 1034 personarum
2098 990 2262 1028 securitaz

1344 1046 1409 1070 tem
1428 1037 1690 1083 concernentia,
1711 1035 1770 1072 sub
1786 1037 1914 1072 Nostro
1935 1037 1969 1071 δι
1988 1036 2085 1073 Sedis
2106 1041 2261 1086 Aposto-

1340 1083 1417 1119 licae
1439 1084 1652 1131 beneplacito
1675 1083 1923 1126 condiderunt,
1939 1096 2086 1131 quorum
2101 1099 2198 1122 tenor
2214 1090 2261 1123 se·

1341 1132 1481 1179 quitur,
1506 1133 1539 1167 ὅ(
1558 1133 1605 1167 est
1627 1133 1710 1168 talis.

1391 1180 1559 1227 Volendofi
1577 1181 1643 1216 dar
1664 1184 1823 1228 principio
1848 1180 1886 1214 al
1902 1182 1984 1229 fare
2005 1184 2038 1215 in
2059 1183 2167 1229 quella
2188 1197 2259 1220 ma.

1335 1228 1458 1277 gnifica
1475 1231 1563 1263 Cirta
1582 1229 1620 1263 di
1635 1231 1780 1278 Bologna
1792 1229 1923 1276 publica
1938 1232 2066 1277 piazza
2087 1233 2129 1266 de
2145 1234 2259 1268 Camln'

1341 1277 1427 1310 reali
1450 1286 1508 1323 per
1538 1276 1660 1319 diversi
1683 1277 1793 1327 luoghi'
1817 1303 1827 1318 ,
1854 1289 1941 1311 come
1960 1277 1982 1318 [ἱ
2008 1280 2146 1325 costuma
2173 1283 2260 1317 nelle

1342 1325 1517 1372 principali
1537 1327 1622 1359 Cirta
1636 1327 1679 1360 de
1699 1326 1802 1360 ltalia
1817 1350 1827 1366 ,
1848 1325 1883 1362 θ’]
1891 1326 2125 1373 specialmente
2142 1332 2178 1364 in
2198 1332 2259 1364 Ro-

1342 1386 1397 1406 ma
1413 1398 1423 1414 ,
1448 1383 1507 1406 non
1519 1375 1592 1419 filo
1605 1385 1665 1422 per
1690 1372 1851 1408 commodo
1867 1398 1877 1413 ,
1901 1375 1935 1409 (ε’
1957 1374 2038 1408 utile
2058 1377 2100 1409 de
2117 1380 2262 1423 partico-

1341 1420 1410 1454 lari
1424 1447 1434 1461 ,
1457 1433 1511 1454 rna
1531 1433 1652 1456 ancora
1671 1432 1730 1468 per
1750 1422 1864 1455 honore
1883 1422 1920 1455 di
1943 1420 1999 1469 effe
2020 1424 2152 1459 Cinade
2176 1438 2263 1462 come

1341 1468 1373 1508 β’
1385 1470 1579 1517 prefiippene
1599 1494 1608 1510 ‚
1630 1469 1688 1504 che
1708 1468 1784 1517 effer
1803 1468 1910 1504 debba
1929 1495 1939 1510 ,
1961 1471 1996 1507 ὠ
2022 1473 2215 1507 intendendo
2240 1475 2264 1518 [ἱ

1334 1517 1401 1564 far
1416 1518 1465 1551 cio'
1480 1530 1535 1552 con
1550 1516 1652 1552 buona
1668 1521 1783 1566 gratia
1797 1544 1807 1559 ,
1829 1516 2089 1565 &satisfatione
2106 1521 2148 1555 de
2165 1525 2263 1569 Supe-

1343 1568 1435 1604 riori,
1449 1564 1484 1601 ᾤ’
1499 1577 1558 1600 non
1568 1566 1766 1606 alru'meme,
1779 1565 1808 1609 si
1825 1567 1899 1600 dice
1914 1591 1924 1606 ‚
1941 1572 1974 1602 67
1993 1566 2160 1602 domanda
2165 1569 2196 1616 fi
2205 1581 2264 1617 per

1341 1623 1437 1659 parte
1457 1613 1498 1646 de
1515 1614 1680 1647 Mercami
1693 1639 1703 1654 ,
1723 1613 1780 1647 che
1794 1624 1855 1660 pe:
1868 1615 2048 1662 conseguire
2060 1618 2166 1663 questa
2189 1623 2263 1664 cosa

1334 1660 1387 1706 fia
1404 1662 1472 1695 loro
1487 1661 1618 1709 conceffo
1630 1661 1677 1695 da
1695 1663 1877 1709 Superiori,
1893 1664 1927 1697 &
1947 1662 2136 1702 confirmata
2155 1667 2202 1700 da
2217 1662 2264 1705 N.

1344 1711 1409 1758 Sig.
1423 1721 1541 1756 quante
1555 1713 1609 1757 qui
1620 1710 1674 1751 nel
1685 1709 1798 1757 l’infra
1802 1712 1917 1757 scritti
1928 1711 2063 1757 capitoli
2069 1712 2098 1755 Ji
2108 1718 2262 1751 contiene.

1394 1760 1432 1792 In
1459 1761 1568 1805 prima
1597 1757 1655 1792 che
1687 1759 1724 1791 la
1748 1759 1881 1791 Piazza
1903 1757 1948 1798 fia
1973 1758 2080 1793 libera
2108 1774 2167 1809 per
2192 1767 2264 1812 ngm·

1333 1806 1427 1852 sorte
1449 1807 1488 1840 di
1513 1808 1646 1854 persone
1670 1832 1680 1846 ,
1701 1806 1767 1841 cosi
1789 1808 1925 1839 terriere
1949 1817 2037 1839 come
2055 1809 2226 1855 forestiae

1346 1854 1380 1890 (fs
1405 1864 1495 1888 tamo
1515 1866 1575 1888 non
1616 1856 1783 1888 Meri-ami
1808 1879 1819 1895 ‚
1845 1863 1962 1900 quanto
1990 1856 2158 1891 Mercanei
2186 1871 2199 1899 ς
2225 1860 2263 1895 di

1343 1901 1436 1936 modo
1459 1902 1517 1937 che
1543 1902 1591 1936 ad
1613 1905 1685 1951 ogni
1696 1904 1788 1949 sorte
1809 1902 1846 1935 di
1861 1902 1995 1947 persone
2014 1904 2052 1937 di
2069 1906 2149 1951 qual
2156 1907 2188 1950 fi
2203 1921 2262 1943 vo.

1339 1950 1415 1999 glia
1431 1951 1542 1998 grado
1559 1975 1570 1991 ,
1603 1951 1620 1985 ὀ
1644 1951 1823 1985 conditione
1846 1949 1891 1989 fia
1914 1950 2010 1983 lecito
2038 1952 2066 1986 il
2090 1953 2175 1988 dare
2189 1980 2201 1996 ,
2227 1957 2263 1994 ὅς’

1340 1998 1369 2032 il
1389 2000 1534 2047 pigliare
1560 1998 1678 2033 denari
1699 2000 1719 2032 ὰ
1744 1997 1869 2033 cambio
1890 2022 1902 2038 ,
1920 2007 1979 2044 per
1999 1999 2059 2034 che
2085 2003 2113 2035 il
2131 2004 2262 2039 Cambio

1333 2044 1386 2090 fia
1410 2047 1511 2081 reale.
1535 2047 1736 2082 lmendendo
1763 2046 1840 2093 effer
1863 2045 1993 2080 Cambio
2019 2051 2110 2082 reale
2134 2054 2262 2098 quando

1343 2106 1399 2128 con
1419 2095 1524 2141 efferto
1541 2094 1565 2135 li
1584 2094 1630 2129 da
1650 2095 1678 2128 il
1697 2095 1821 2129 denaro
1841 2095 1874 2126 in
1895 2105 1937 2127 un
1960 2094 2052 2145 luogo
2068 2122 2078 2138 ‚
2095 2101 2187 2135 etc-cio¹
2205 2102 2263 2136 che

1335 2141 1386 2186 fia
1406 2153 1528 2191 pagato
1544 2145 1577 2177 in
1596 2155 1640 2176 un
1656 2143 1745 2177 altro
1754 2141 1896 2190 secondo
1911 2141 1968 2175 che
1989 2156 2127 2180 caniano
2146 2149 2176 2183 le
2198 2149 2262 2183 121.

1344 2200 1414 2224 tere
1439 2192 1496 2225 del
1519 2190 1651 2226 Cambio
1667 2216 1678 2232 ,
1700 2191 1734 2228 (ἵ
1762 2189 1829 2225 cosi
1856 2190 1887 2223 le
1914 2191 2027 2226 lettere
2052 2195 2177 2229 vadino
2205 2208 2262 2230 con

2251 1839 2262 1854 ἱ

2268 1985 2280 2011 Ι

1327 2239 1448 2284 'effetio
1461 2239 1498 2273 al
1511 2239 1603 2287 luogo
1615 2264 1624 2279 ‚
1640 2239 1675 2276 (β’
1688 2239 1763 2273 aua
1773 2240 1909 2285 persona
1921 2263 1932 2279 ,
1949 2240 1969 2275 ὰ
1984 2235 2113 2288 ebesa-20
2129 2243 2262 2278 indriz.

1342 2296 1420 2320 zare
1434 2313 1445 2328 ,
1464 2288 1498 2324 ό
1515 2287 1573 2322 che
1589 2289 1640 2321 ivi
1650 2287 1742 2333 siano
1759 2297 1882 2335 pagate
1895 2311 1906 2327 ,
1937 2287 1955 2321 ὀ
1970 2293 2126 2333 recusate.

1391 2335 1542 2383 Appreffiz
1556 2361 1566 2376 ,
1580 2335 1639 2370 che
1645 2335 1697 2381 fia
1712 2339 1745 2370 in
1753 2334 1874 2382 poustoi
1888 2334 1926 2368 di
1939 2333 2092 2383 ciascnna
2101 2341 2256 2387 perfinia,

1341 2387 1442 2417 etiam
1456 2385 1511 2418 dio
1531 2383 1588 2418 che
1607 2395 1667 2418 non
1684 2385 1728 2425 fia
1746 2384 1919 2418 Mercame
1935 2409 1944 2424 ,
1968 2385 1995 2418 il
2010 2387 2095 2420 aare
2103 2383 2179 2434 subi
2201 2390 2259 2423 de-

1340 2435 1414 2466 nari
1430 2433 1464 2466 in
1484 2445 1576 2466 mano
1593 2432 1631 2466 di
1652 2434 1819 2467 Mercami
1839 2456 1850 2471 ,
1870 2431 1957 2466 accid
1981 2431 2039 2467 che
2065 2435 2092 2468 li
2115 2437 2214 2471 diano
2238 2438 2259 2474 ὰ

1341 2478 1472 2514 Cambio
1492 2481 1582 2514 reale
1594 2506 1605 2522 ,
1626 2493 1682 2516 con
1690 2479 1779 2527 farfi
1791 2479 1882 2523 stare
1895 2480 1952 2514 del
1965 2481 2100 2516 credere
2112 2509 2122 2524 ,
2138 2497 2225 2519 come
2231 2488 2259 2530 Ji

1339 2529 1398 2573 usa
1421 2528 1586 2562 nell’alere
1604 2530 1732 2562 Praete
1751 2528 1912 2568 d'Italia,
1934 2529 1968 2565 ὠ*
1976 2530 2077 2576 suere
2090 2532 2260 2578 d’Iialia73

1341 2577 1377 2612 <r
1395 2577 1478 2624 poffa
1499 2579 1572 2624 ogni
1590 2579 1725 2625 perfinia
1743 2588 1864 2611 ancora
1884 2577 1968 2610 dare
1984 2578 2102 2613 denari
2118 2581 2138 2616 οὶ
2162 2584 2257 2617 Cam-

1342 2624 1405 2664 bio,
1427 2625 1462 2660 <7
1472 2626 1539 2672 far
1560 2626 1616 2659 che
1631 2626 1714 2666 siano
1730 2627 1916 2672 recapitare
1930 2625 1962 2658 le
1979 2626 2092 2661 lettere
2097 2629 2202 2675 prra
2220 2631 2258 2665 dx·

1342 2672 1392 2718 ‘ff
1408 2673 1519 2706 datori
1537 2698 1547 2712 ,
1569 2673 1604 2709 (5
1622 2675 1687 2708 cosi
1714 2675 1830 2707 tenerli
1851 2672 1890 2706 sic
1908 2672 1933 2707 la*
1952 2675 2100 2716 cambii,
2119 2678 2182 2718 [ine
2199 2679 2258 2713 che

1331 2725 1478 2768 saranno
1498 2720 1686 2768 rimborsari
1698 2721 1744 2755 da
1760 2719 1812 2756 ch'i
1826 2720 1932 2755 haver
1947 2722 1968 2755 ἁ
1977 2724 2069 2771 preso
2082 2725 2109 2758 il
2122 2726 2257 2764 denam.

1389 2766 1507 2805 Terzo.
1533 2769 1597 2802 Che
1616 2769 1642 2808 [ἱ
1658 2771 1705 2803 da
1730 2769 1914 2815 forrastieri
1931 2770 2077 2815 saratino
2105 2774 2257 2809 mandati

1342 2816 1458 2852 denari
1471 2821 1613 2851 comanti
1632 2820 1665 2851 in
1680 2813 1787 2864 questa
1806 2818 1951 2859 Cittade,
1971 2829 2030 2864 per
2049 2819 2108 2854 che
2113 2822 2143 2863 st
2159 2822 2258 2857 diano

1341 2865 1361 2899 ἀ
1382 2865 1512 2899 Cambio
1536 2867 1572 2899 in
1593 2865 1686 2900 detta
1704 2868 1837 2901 Piazza
1854 2891 1863 2904 ,
1888 2867 1988 2900 totali
2010 2867 2258 2904 denaris'iaten-

1340 2913 1425 2948 dano
1439 2913 1530 2960 effere
1543 2939 1554 2954 ,
1567 2913 1602 2950 (9'
1615 2914 1698 2953 fiano
1714 2913 1822 2962 liberi,
1840 2914 1875 2951 ἔτ
1883 2915 2022 2962 franchi
2032 2917 2052 2952 ἀ
2059 2918 2186 2965 favore
2202 2917 2260 2953 del

1331 2961 1520 3009 sorelliero,
1541 2961 1599 2996 che
1621 2962 1647 2996 li
1666 2961 1772 2996 havet
1792 2962 1812 2996 ὰ
1834 2963 2007 3003 mandati,
2030 2966 2188 3000 eeinmdio
2201 2966 2259 3001 che

1340 3009 1465 3056 egliper
1485 3010 1563 3055 qual
1583 3009 1606 3050 [ἱ
1622 3011 1736 3059 voglia
1754 3012 1854 3056 causa
1868 3010 1949 3059 foffe
1965 3011 2100 3047 bandiio
2115 3039 2125 3055 ,
2149 3026 2166 3047 ο
2184 3026 2259 3049 con-

1343 3059 1482 3091 dennato
1497 3057 1586 3092 dello
1592 3059 1680 3105 stato
1691 3058 1727 3092 di
1738 3058 1889 3103 &Chiesa
1901 3071 1909 3093 :
1919 3071 2037 3094 eccetto
2043 3071 2103 3107 per
2116 3063 2215 3110 causa
2225 3062 2261 3096 d'

1344 3105 1481 3145 Herefia
1493 3130 1503 3146 ,
1519 3106 1536 3140 ὀ
1552 3108 1647 3153 Laesae
1661 3106 1848 3151 Majestaeis
1859 3132 1870 3148 ,
1887 3119 1983 3142 overo
1994 3120 2054 3156 per
2071 3110 2150 3156 qual
2169 3109 2191 3149 fi
2205 3122 2261 3144 vo-

1340 3154 1414 3202 glia
1431 3153 1638 3202 cagionosoffi
1655 3154 1873 3188 debitorealla
1889 3158 2027 3190 Carnem
2042 3182 2052 3196 ,
2067 3159 2084 3191 ὁ
2097 3158 2135 3190 al
2150 3157 2236 3203 Fisco
2249 3183 2260 3199 ‚

1345 3201 1381 3238 Θ
1396 3213 1454 3235 non
1468 3201 1491 3241 [ἱ
1499 3203 1582 3250 poffa
1595 3228 1604 3241 ,
1618 3214 1656 3236 ne
1661 3201 1691 3246 fi
1706 3201 1812 3236 deliba
1821 3205 1905 3249 fare
1924 3205 2044 3238 alcuna
2059 3207 2188 3253 represa
2212 3206 2261 3240 lia

1345 3250 1383 3283 di
1398 3250 1462 3282 tali
1479 3250 1597 3285 denari
1612 3263 1667 3284 ma
1687 3263 1773 3284 come
1791 3251 1808 3284 ε’
1819 3251 1906 3285 deno
1919 3252 2027 3296 ,stane
2037 3255 2167 3300 sempre
2194 3253 2257 3288 ibe.

1345 3301 1397 3337 ri,
1422 3298 1455 3334 (9⁶
1466 3299 1586 3345 frachi
1599 3299 1673 3332 alla
1689 3298 1824 3332 volunta
1846 3299 1884 3334 di
1904 3301 2185 3348 dettoforastiere.
2211 3302 2259 3336 Ee

1348 3345 1453 3392 questo
1473 3346 1638 3385 medeli‘mo
1653 3346 1697 3385 lia
1720 3347 1830 3387 detto,
1845 3351 1881 3384 &f
1902 3348 2064 3382 s'inrenda
2080 3350 2260 3397 parimente

1347 3393 1437 3427 delle
1455 3393 1576 3442 rimffl‘e
1594 3394 1636 3427 de
1650 3395 1767 3428 denari
1782 3422 1791 3437 ,
1806 3393 1865 3429 che
1875 3406 1934 3442 per
1953 3397 2068 3431 tenere
2079 3398 2117 3430 di
2129 3397 2262 3431 Cambio

1345 3441 1385 3522 gi
1404 3442 1500 3522 silleri
1510 3441 1628 3489 foffero
1647 3443 1694 3475 da
1713 3442 1779 3476 tali
1806 3446 1938 3492 persone
1955 3442 2074 3494 rimeffe
2100 3445 2134 3477 in
2156 3445 2262 3492 questa

1373 3499 1433 3522 ura
1460 3501 1487 3523 e.

1396 3538 1540 3583 Quarto.
1574 3538 1639 3572 Che
1675 3538 1713 3573 di
1747 3549 1828 3576 tutte
1867 3540 1900 3574 le
1929 3539 2078 3587 questioni
2107 3567 2116 3582 ‚
2154 3543 2190 3579 Θ
2219 3542 2261 3575 Ιί-

1347 3586 1376 3618 ti
1395 3608 1405 3624 ‚
1438 3584 1496 3619 che
1513 3586 1730 3621 occorerando
1752 3598 1812 3634 per
1836 3588 1935 3634 causa
1960 3586 1998 3621 di
2023 3588 2106 3622 detti
2135 3589 2263 3625 Cambii

1349 3634 1384 3665 in
1408 3633 1516 3678 questa
1542 3635 1674 3668 Citrade
1696 3645 1751 3668 tra
1779 3634 1872 3681 quali
1902 3634 1925 3673 [ἱ
1950 3636 2062 3684 voglia
2081 3638 2205 3683 sorte,
2231 3636 2267 3675 θ

1344 3679 1450 3729 gradi
1466 3681 1504 3715 di
1520 3685 1670 3728 persone,
1676 3682 1859 3729 solamente
1875 3683 1902 3716 2¹1
1923 3682 2080 3725 Giudice,
2099 3685 2116 3720 ὀ
2133 3686 2269 3731 Corfidi,

1477 3754 1483 3756 -
2126 3732 2144 3766 ὁ
2168 3734 2266 3780 Sapra

2379 1036 2385 1051 κ
2376 942 2385 1025 λὰ.-
2379 917 2385 931 -.
2378 822 2386 901 «μ.-
2379 796 2390 814 q:
