2400 3939
202 3425 243 3459 ‘61

276 123 396 176 434
605 93 955 179 Sigismundi
991 94 1236 157 Seacciae

281 186 484 224 fitriecunda
517 183 642 218 solutio
670 211 680 225 ,
710 185 743 218 δι
759 182 982 222 'contrahitur
1004 195 1130 217 novum
1154 193 1246 224 caing

282 238 375 275 bium
400 262 409 277 ‚
430 233 488 268 sed
506 231 802 269 hanczsecundam
826 231 978 278 plerique
996 230 1244 276 negant<debe2

282 287 307 320 ri
323 292 416 330 §per
434 293 471 322 ea
492 307 503 322 ,
531 291 619 328 quae·
636 281 745 327 scripsi
765 281 850 327 fitpr·
870 280 904 312 d.
920 279 1138 327 gl·3·,⁷²u·¹5·
1151 290 1242 313 vert.

275 333 551 383 fi·&s‘qq··‚
836 347 873 364 ·.,

284 399 297 406 ·=
324 381 417 417 v'Hoc
436 376 602 425 praemisso
616 404 625 418 ,
642 377 813 423 distinguo
828 385 894 411 tres
911 374 1017 410 casus.
1235 410 1240 414 ,

329 430 460 464 Primus
478 426 571 462 casus
593 427 638 460 est
652 453 661 467 ‚
680 425 818 473 quando
839 423 990 470 campsor
1003 447 1017 465 ,.
1031 422 1239 470 requisitusa,

284 476 470 524 campsorio
496 501 506 516 ‚
539 475 592 510 vel
627 474 745 520 sponte
769 499 780 515 ‚
806 472 865 506 suo
895 472 1032 518 proprio
1062 482 1160 506 motu
1181 471 1239 506 os-

283 524 347 563 fesrt
361 522 550 570 campsorio
573 522 718 568 aliquem
734 547 746 562 ,
768 521 826 568 qui
849 519 956 554 solvat
977 521 1102 555 litteras
1118 519 1162 554 de
1178 531 1240 566 pe-

280 576 390 611 cuniis
412 571 577 618 ipsiusmet
603 570 744 605 soluturi
767 582 774 604 :
801 569 835 603 &
855 568 918 603 isto
943 567 1019 602 casu
1035 568 1238 611 concludo,

282 622 448 659 cambium
472 618 538 653 esse
564 618 693 652 licitum
719 643 728 658 ,
752 617 850 652 etiam
874 616 896 649 si
920 616 947 649 is
969 642 980 658 ,
1004 616 1064 663 qui
1093 615 1201 652 solvet
1227 643 1238 659 ,

275 672 320 706 .'sit
345 667 610 712 correspondens
631 692 642 706 ‚
670 666 780 701 socius
805 691 816 706 ‚
844 675 1046 711 procurator
1066 689 1076 704 ,
1100 664 1153 698 vel
1181 666 1239 699 mi.

280 719 380 753 nister
404 715 504 762 ipfius
528 715 707 760 campsoris
727 741 737 756 ,
762 715 808 749 ita
832 723 871 748 ut
889 713 1104 758 repraesentet
1123 713 1238 759 dupli-

276 779 351 802 cern
381 764 550 811 personam
581 775 607 806 3.
626 763 786 797 videlicet
812 788 821 802 ‚
857 762 1026 806 personam
1062 761 1238 807 campsorii

275 815 439 849 debitoris
458 811 673 846 itt-solvendo
691 837 701 853 ,
726 812 759 845 t&
776 809 944 856 personam
968 807 1147 854 campsoris
1165 821 1237 843 cre-

275 861 450 905 ditorisin
476 859 673 906 recipiendo
706 858 908 894 solutionem
937 883 946 898 ,
981 867 1019 891 ut
1046 857 1114 891 dixi
1129 859 1237 904 supra

271 924 358 945 num.
381 921 442 955 25.·
458 911 493 943 in
519 920 549 953 3.
575 907 701 948 fissione
718 934 729 948 ,
750 908 784 944 (9⁹
804 909 852 939 ira
874 908 974 939 etiam
996 906 1160 939 concludit
1177 909 1230 942 Jo.

274 962 383 994 Azor.
406 958 448 992 de
467 957 564 1003 instit.
589 957 707 990 moral.
727 966 761 1002 p.
783 967 813 1000 3.
838 954 895 988 lib.
923 966 975 988 ιο.
993 955 1045 992 rit.
1065 953 1107 986 de
1129 955 1237 989 camb.

272 1021 301 1042 e.
318 1020 350 1051 9.
367 1020 418 1054 qu.
431 1018 471 1041 ιι.
495 1016 586 1039 vers.
605 1006 640 1036 in
654 1004 716 1038 hac
738 1016 784 1037 re.
803 1004 835 1036 δε
850 999 942 1048 posse
960 1000 1126 1046 ejusmodi
1145 1013 1236 1036 cain-

273 1053 362 1092 bium
383 1054 454 1088 fieri
480 1053 545 1087 sine
571 1062 735 1099 peccato,
753 1050 859 1085 firmat
876 1050 1031 1083 Romoad.
1049 1050 1118 1083 Coli
1136 1051 1234 1086 traft.

274 1104 316 1137 de
330 1103 434 1138 camb.
450 1114 541 1136 c.21.
558 1102 590 1134 δι
606 1099 639 1132 in
655 1100 718 1134 hac
732 1098 950 1134 conclufione
966 1097 1125 1136 videntur
1141 1109 1234 1132 com.

273 1152 418 1186 munitet·
444 1160 559 1184 omnes
582 1148 814 1187 concordare,
846 1147 879 1180 ὃ(
900 1145 975 1180 satis
1000 1144 1135 1180 videtur
1158 1157 1235 1192 pro-

272 1200 340 1234 bari
367 1210 407 1234 ex
433 1197 483 1232 Pii
508 1198 552 1233 V.
581 1195 839 1230 confirmatione
864 1221 873 1235 ,
907 1195 940 1229 &
967 1194 1093 1229 Illusir.
1130 1193 1233 1228 Card.

273 1246 432 1294 responso
451 1272 460 1287 ‚
479 1247 497 1280 a
516 1245 614 1280 nobis
635 1244 744 1280 relatis
759 1245 833 1290 fitp.
847 1242 914 1289 fi‘b
931 1255 1076 1287 num.43.
1096 1243 1129 1278 &
1161 1243 1237 1287 plu-

273 1307 326 1331 res
353 1307 393 1330 ex
414 1294 478 1328 hac
503 1292 705 1328 diversarum
731 1291 942 1339 personarum
966 1291 1236 1336 repraesentatio-

275 1343 448 1378 nezzvideo
473 1341 552 1375 oriri
579 1342 796 1380 commistus,
822 1339 876 1375 seu
904 1338 1140 1384 obligationes,
1168 1339 1236 1373 Fri-

277 1404 329 1428 rna
355 1390 521 1437 obligatio
545 1390 653 1425 oritur
676 1390 717 1423 ad
739 1388 887 1422 favorem
906 1387 1004 1433 ipsius
1021 1387 1155 1421 ministri
1170 1386 1237 1422 ⁴sol-

279 1440 390 1475 ventis
406 1466 416 1480 ‚
443 1447 560 1473 contra
587 1436 832 1484 campsorium',
859 1435 918 1483 qui
936 1435 1106 1470 mandavit
1128 1436 1181 1476 ei,
1201 1447 1239 1471 ut

279 1489 422 1523 solveret
445 1486 503 1520 fibi
526 1486 582 1533 ipsi
606 1499 618 1529 3
646 1486 726 1533 quia
751 1485 866 1519 secuta
895 1482 1066 1517 solutione
1092 1510 1101 1525 ,
1125 1496 1238 1530 camp-

279 1537 386 1572 sorius
419 1535 479 1583 qui
504 1534 673 1569 mandavit
707 1544 840 1569 tenetur
871 1531 901 1565 ei
934 1532 1065 1565 afflone
1093 1532 1240 1568 mandati

278 1585 452 1620 'restituere
468 1583 627 1629 pecunias
651 1582 773 1617 solutas
790 1607 802 1622 ,
824 1581 974 1627 liaecque
989 1579 1155 1614 restitutio
1175 1580 1212 1614 fit
1228 1607 1237 1622 ‚

279 1633 448 1668 mediante
473 1631 643 1666 solutione
671 1630 812 1670 trastae4
834 1639 934 1676 quam
965 1627 992 1662 is
1011 1628 1155 1662 minister
1177 1641 1239 1674 po-

279 1682 346 1716 stea
373 1682 520 1716 reflettat
543 1679 577 1713 in
598 1678 739 1713 eundem
761 1677 1001 1722 campsorium,
1025 1675 1133 1711 statim
1154 1677 1239 1711 enim

279 1740 384 1776 atque
417 1727 620 1773 campsorius
644 1725 752 1762 solvet
783 1725 924 1760 tractum
950 1751 961 1766 ‚
987 1724 1112 1759 dicitur
1144 1725 1238 1760 resti-

279 1778 376 1813 tuisse
402 1804 412 1819 ‚
438 1778 472 1811 &
497 1773 684 1811 satisfecisse
709 1773 778 1809 suae
810 1772 1011 1819 obligationi
1039 1784 1120 1820 erga
1148 1773 1241 1808 mini-

276 1827 380 1860 strum
409 1853 420 1867 ‚
447 1823 635 1871 campsoris.
673 1821 830 1856 Secunda
863 1821 1029 1867 obligatio
1058 1833 1169 1856 oritur
1199 1821 1241 1855 ad

281 1874 433 1909 favorem
461 1871 640 1918 campsoris
666 1882 783 1906 contra
814 1869 996 1904 ministrum
1024 1895 1034 1910 ‚
1073 1870 1131 1916 qui
1157 1869 1240 1904 reci-

279 1922 408 1970 piendo
434 1920 633 1955 solutionem
664 1921 798 1953 nomine
822 1918 921 1964 ipfius
953 1916 1131 1963 campsoris
1152 1944 1162 1959 ,
1192 1928 1240 1953 te'-

279 1981 381 2005 netur
400 1970 531 2004 afflone
555 1966 700 2003 mandati
721 1966 828 2002 eidem
848 1965 1013 2012 campsori
1031 1966 1074 1999 ad
1099 1966 1241 2002 redden-

278 2019 354 2053 dam
378 2018 539 2052 rationem
565 2015 802 2051 administratae
827 2015 1008 2060 pecuniae,
1036 2014 1095 2048 fibi
1115 2015 1238 2050 solutae

278 2068 314 2101 ἃ
341 2067 417 2102 haec
442 2064 590 2099 redditio
613 2063 653 2100 fit
671 2090 681 2106 ,
702 2063 782 2099 dum
809 2061 954 2096 minister
979 2074 1037 2109 per
1063 2061 1146 2098 viam
1171 2073 1239 2098 tra·

276 2117 341 2150 6ae
366 2142 375 2156 ,
410 2114 465 2148 seu
494 2112 650 2147 recambii
678 2110 817 2146 remittit
840 2110 908 2145 illas
934 2110 1094 2156 pecunias
1118 2111 1160 2145 ad
1185 2112 1237 2158 ip-

277 2162 346 2198 sum
379 2162 596 2208 campsorem.
632 2159 750 2195 Tertia
781 2158 948 2205 obligatio
983 2159 1091 2194 oritur
1118 2168 1237 2194 contra

277 2212 482 2257 campsorem
500 2235 509 2250 ‚
535 2208 614 2257 quia
642 2208 674 2242 in
698 2207 775 2242 casu
801 2234 810 2248 ‚
845 2218 918 2253 quo
940 2206 1143 2253 campsorius
1168 2218 1238 2242 non

275 2260 429 2294 restituat
453 2256 559 2292 eidem
575 2256 723 2291 ministro
741 2256 901 2302 pecunias
924 2255 991 2301 ipse
1016 2253 1166 2300 campsor
1186 2266 1237 2290 te-

276 2318 377 2343 netur
400 2305 565 2341 contraria
590 2305 721 2339 afflone
746 2304 890 2338 mandati
917 2312 1077 2350 tanquam
1099 2302 1236 2350 fidejus-

277 2357 331 2392 sor
354 2356 462 2389 eidem
486 2353 634 2388 ministro
662 2378 671 2394 ‚
697 2353 730 2387 &
764 2351 1009 2404 consequenter
1036 2351 1059 2384 fi
1086 2351 1237 2398 campso-

275 2405 344 2440 rius
358 2431 368 2445 ‚
383 2405 413 2438 in
429 2414 530 2450 quem
546 2401 689 2436 minister
706 2400 841 2438 traxerit
851 2412 945 2441 ,mon
963 2399 1108 2434 solveret
1126 2411 1237 2445 camp-

276 2452 342 2488 sori
369 2478 378 2492 ‚
410 2450 551 2484 minister
577 2449 691 2483 adhuc
714 2460 773 2493 per
799 2448 883 2483 viam
914 2446 1124 2492 exceptionis
1155 2446 1236 2483 esset

276 2501 434 2535 liberatus
455 2524 465 2539 ‚
493 2497 572 2546 quia
591 2498 676 2532 sicut
697 2507 797 2544 quem
816 2495 859 2530 de
882 2496 1048 2529 evifflone
1069 2504 1161 2532 tenet
1180 2507 1236 2534 ace

275 2550 328 2584 tio
343 2575 353 2590 ,
377 2547 519 2581 eundem
545 2557 698 2592 agentem
723 2544 852 2590 repellit
869 2543 1026 2589 exceptio
1041 2569 1050 2584 ,
1070 2543 1115 2578 ita
1136 2544 1234 2579 etiam

276 2598 301 2631 si
333 2595 535 2640 campsorius
561 2606 630 2629 non
656 2592 763 2627 solvat
794 2591 957 2639 campsori
982 2617 992 2633 ,
1028 2603 1098 2625 non
1123 2592 1234 2637 potest

277 2643 429 2690 campsor
455 2654 556 2689 agere
581 2652 697 2677 contra
724 2640 902 2675 ministrum
925 2667 934 2681 ‚
964 2639 1043 2687 quia
1076 2639 1144 2686 ipse
1173 2639 1234 2674 mi-

275 2695 376 2729 nister
398 2702 498 2737 agere
520 2688 628 2736 posset
646 2700 763 2724 contra
778 2689 920 2722 eundem
939 2686 1142 2734 campsorem
1156 2714 1166 2729 ‚
1185 2687 1234 2724 uti

276 2739 506 2787 fidejussorem
531 2737 678 2785 ejusdem
710 2736 885 2781 campsorii
903 2764 911 2776 ‚
940 2747 1008 2770 non
1037 2735 1198 2771 solventis
1225 2749 1234 2771 :

274 2791 366 2826 unde
401 2787 580 2831 obligatio·
602 2785 737 2819 ministri
765 2783 806 2818 ad
840 2784 993 2823 savorem
1021 2783 1199 2829 campsoris
1222 2810 1232 2825 ,

274 2838 401 2884 semper
426 2834 594 2869 evanescit
612 2845 654 2868 eo
679 2833 749 2880 ipso
762 2858 771 2873 ‚
790 2833 887 2879 quod
909 2831 978 2878 ipse
993 2829 1105 2866 scribit
1119 2843 1234 2880 camp-

275 2886 364 2922 sotio
388 2912 398 2926 ‚
427 2894 463 2919 ut
491 2883 597 2917 solvat
625 2881 788 2926 campsori
809 2907 820 2921 ‚
854 2880 935 2928 quia
960 2880 1012 2913 vel
1040 2878 1139 2914 solvit
1165 2906 1174 2920 ‚
1199 2881 1233 2914 ὃς

277 2936 437 2970 liberatur
461 2942 520 2977 per
541 2930 743 2965 solutionem
767 2939 774 2961 :
803 2929 855 2962 vel
880 2940 945 2962 non
973 2927 1073 2962 solvit
1101 2928 1234 2969 &libe-

275 2993 387 3022 ratur,
413 2991 453 3015 ex
478 2990 549 3024 quo
576 2978 642 3023 ipse
669 2976 821 3022 campsor
845 2974 1028 3022 fidejuffit‚
1055 2976 1090 3010 &
1112 2977 1131 3012 ὲ
1153 2987 1232 3011 con-

277 3030 374 3067 verso
402 3056 412 3070 ‚
447 3027 615 3072 obligatio
652 3024 830 3071 campsoris
854 3025 896 3060 ad
923 3023 1073 3058 favorem
1098 3024 1234 3059 ministri

277 3080 310 3115 in
337 3076 411 3112 casu
438 3102 448 3116 ,
481 3086 554 3122 quo
576 3073 780 3119 campsorius
804 3085 870 3108 non
886 3072 1043 3113 ‚restituat
1063 3097 1074 3112 ,
1104 3072 1235 3107 evanes-

279 3128 325 3162 cit
348 3137 390 3159 eo
418 3122 486 3168 ipso
513 3149 524 3163 ‚
549 3121 647 3168 quod
678 3121 820 3155 minister
842 3131 1010 3156 teneretur
1029 3117 1156 3156 easdem
1177 3131 1234 3166 pe·
1281 3148 1286 3158 ,

279 3173 395 3210 eunias
419 3172 498 3206 dare
518 3170 574 3216 ipsi
598 3169 760 3214 campsori
775 3195 785 3209 ‚
811 3169 891 3216 quia
911 3168 978 3214 ipse
997 3167 1140 3202 minister
1157 3179 1210 3202 eas
1224 3194 1235 3208 ,

281 3223 332 3258 uti
361 3219 518 3266 pecunias
544 3217 722 3262 campsoris
745 3216 981 3251 ministratorio
1003 3216 1137 3249 nomine
1159 3227 1236 3250 exe-

278 3272 331 3318 git
349 3297 357 3308 ,
385 3268 475 3301 unde
501 3267 534 3300 in
562 3264 682 3300 effestu
711 3264 879 3300 creditum
907 3290 917 3306 ,
945 3263 979 3297 ὃ(
1004 3263 1156 3297 debitum
1186 3275 1238 3298 re-

282 3330 391 3352 manet
417 3314 541 3361 semper
567 3313 710 3348 eundem
737 3312 940 3358 cainpsorem
964 3338 974 3352 ,
1013 3313 1047 3345 &
1086 3310 1237 3358 campso-

282 3366 380 3400 rium.

333 3411 512 3447 Secundus
534 3411 627 3445 casus
650 3409 696 3443 est
714 3435 724 3450 ‚
749 3408 884 3455 quando
907 3407 1080 3452 campsor,
1102 3407 1163 3455 qui
1180 3407 1239 3442 dat

287 3461 420 3497 cambio
445 3459 602 3504 pecunias
626 3484 636 3498 ‚
660 3469 728 3491 non
750 3457 854 3491 solum
878 3455 994 3501 sponte
1019 3481 1030 3497 ,
1059 3454 1114 3490 seu
1139 3466 1239 3502 roga-

286 3519 343 3546 tus
358 3535 368 3549 ‚
393 3519 430 3541 ut
448 3508 479 3540 in
500 3506 706 3551 praecedenti
720 3505 795 3539 casu
807 3530 817 3544 ‚
833 3502 931 3538 offert
944 3502 1130 3548 campsorio
1146 3502 1240 3539 suum

288 3556 488 3593 ministrum,
512 3553 566 3586 sed
582 3553 639 3587 dat
654 3564 731 3587 curn
746 3552 844 3599 pafko
861 3578 870 3591 ,
891 3550 987 3598 quod
1012 3551 1135 3585 litterae
1155 3563 1242 3585 cam-

280 3606 335 3641 'bii
355 3603 439 3641 solvi
456 3602 601 3638 debeant
624 3602 666 3636 ab
686 3601 759 3645 ejus
772 3599 917 3636 ministro
936 3625 946 3641 ,
965 3598 1020 3634 vel
1039 3599 1104 3634 alio
1119 3597 1160 3633 ad
1180 3612 1242 3639 v0-,

1282 95 1478 162 Τῑεῑᾷὶ.
1515 95 1591 155 de
1619 98 1909 156 Commer.

1298 185 1462 224 sumat-em
1489 185 1587 231 ipsius
1623 183 1799 230 campsoris
1828 211 1837 225 ‚
1872 185 1908 219 δε
1937 183 1999 218 isto
2027 183 2104 219 casu
2138 181 2221 219 dico
2247 194 2259 226 ς

1299 234 1466 268 cambium
1487 230 1564 277 cum
1587 230 1715 268 recursa
1734 231 1799 274 esse
1814 231 1968 275 illicitum
1982 260 1998 276 ,γ
2013 242 2077 279 per⁴
2093 241 2155 275 ea,
2172 235 2257 279 ‘quae

1298 280 1409 328 scripsi
1417 283 1498 328 sup.
1517 284 1548 329 ς,
1570 294 1641 329 1.,q.
1658 294 1690 328 7.
1699 291 1734 329 p.
1751 292 1781 326 3.
1799 278 1915 316 limini
1929 291 1957 326 5.
1972 279 2255 331 jiuwr‘nyr.j&seqq.'

1298 329 1358 374 ubi
1383 329 1508 364 videas.
1654 328 1656 330 ’
1869 335 1873 337 ’
2112 337 2115 340 ’
2174 360 2179 370 .,
2240 324 2252 354 ,'

1347 376 1488 412 Tertius
1507 375 1601 411 casus
1619 375 1666 410 est
1689 403 1699 418 ,
1725 375 1864 423 quando
1887 375 2065 422 campsoris
2084 373 2255 424 minister-'2'

1299 426 1355 462 seu
1380 435 1581 472 procurator
1603 423 1703 459 solvit
1728 425 1772 460 de
1800 423 1951 470 pecuniis
1978 424 2079 470 ipsius
2103 426 2253 473 can-ipso-

1298 474 1342 508 ris
1369 499 1378 514 ,
1410 475 1444 509 &
1473 473 1544 507 hoc
1575 473 1651 508 casu
1679 472 1746 506 sive
1776 471 1926 518 campsor
1953 473 2132 508 ministrum
2162 474 2257 510 bunc

1296 522 1416 568 sponte
1432 520 1618 568 campsorio
1637 519 1799 555 obtulerit
1811 546 1821 562 ‚
1844 520 1910 554 five
1927 521 2103 567 requisitus
2121 521 2163 557 ab
2180 523 2253 570 ipso

1296 569 1483 617 campsorio
1499 596 1509 611 ,
1528 568 1715 605 dummodo
1740 567 1870 610 solvat,
1890 578 1929 603 ut
1952 566 2019 603 dixi
2036 569 2079 603 de
2100 564 2254 617 pecuniis*

1295 618 1474 664 campsoris
1499 644 1509 659 ,
1546 617 1681 652 videtur
1708 614 1889 651 dicendum
1910 643 1920 655 ,
1950 617 2062 664 quod'
2083 617 2249 654 cambium

1294 678 1362 700 non
1387 666 1424 701 sit
1446 665 1575 700 licitum
1596 691 1606 706 ‚
1632 674 1689 700 aut
1713 664 1752 699 fit
1767 663 1876 706 ‚valde
1900 663 2085 711 suspestum
2110 666 2154 701 de
2174 667 2257 714 usu-¹

1295 725 1344 754 ra.
1362 725 1399 749 ut
1414 726 1454 748 ex
1468 713 1636 748 communi
1651 712 1812 759 opinione
1826 711 1961 754 scribit,
1979 713 2011 748 δε
2032 711 2183 762 sequitui·
2196 719 2249 752 Jo.

1294 764 1403 803 Azor.
1427 762 1462 798 d,
1487 775 1517 809 q.
1540 774 1573 795 2.
1593 773 1682 795 vers.
1704 772 1819 796 verum
1836 761 1939 795 dubiae
1959 786 1969 802 ‚
1997 762 2033 798 (sy
2055 774 2145 798 vers.
2165 764 2251 810 quod

1283 810 1315 854 fi
1334 810 1453 851 dicas,
1483 809 1563 857 quia
1585 808 1721 856 inquit,
1748 808 1886 856 perinde
1911 809 1956 842 est
1982 821 2022 844 ac
2043 809 2065 843 si
2088 809 2156 856 ipse
2176 806 2254 846 mu-²

1294 869 1358 895 tuo
1382 859 1475 893 daret
1492 884 1502 899 ,
1527 858 1561 892 &
1584 857 1665 893 ideo
1690 856 1866 891 concludit
1887 883 1897 898 ,
1923 868 1990 891 non
2012 857 2079 893 esse
2101 859 2134 892 in
2157 857 2260 906 Rep:

1292 905 1553 953 permittendum
1567 932 1576 947 ‚
1604 907 1637 941 δε
1659 905 1773 952 postea
1798 907 1831 938 in
1856 916 1944 939 verr.
1973 917 2141 948 caeterum,
2162 907 2194 942 in
2214 919 2252 942 re
2289 907 2307 933 ’ἶ

1292 955 1336 988 sic
1356 955 1512 1001 perplexa
1541 953 1717 1001 perplexus
1738 952 1916 988 concludit
1938 979 1948 994 ‚
1971 954 2069 1002 quod
2094 957 2262 1002 quamvis·

1292 1002 1466 1038 consilium
1486 1013 1551 1036 non
1569 1001 1664 1036 daret
1686 1000 1730 1035 de
1749 999 1914 1047 ejusmodi
1936 1002 2067 1037 cambio
2087 1013 2249 1038 exercen-

1291 1050 1338 1085 do
1353 1078 1362 1091 ,
1387 1062 1456 1086 non
1479 1061 1586 1086 tamen
1607 1048 1848 1084 condemnaret
1874 1049 1948 1094 post
1972 1051 2093 1084 faetum
2112 1064 2120 1086 :
2140 1052 2159 1085 ῑι
2181 1063 2251 1098 qua

1291 1098 1510 1145 perplexitate
1523 1125 1533 1138 .
1555 1100 1587 1133 &
1603 1097 1781 1138 formidine
1802 1109 1870 1132 non
1888 1096 2007 1133 distant
2019 1125 2029 1140 ,
2041 1110 2122 1146 quae
2139 1099 2251 1137 scribit

1291 1149 1429 1181 Leonar.
1454 1146 1533 1195 Leffi
1554 1146 1678 1180 relatus
1695 1147 1770 1194 sup.
1787 1146 1852 1191 sub
1870 1157 1963 1189 n.59.
1981 1149 2013 1179 in
2037 1160 2062 1191 3.
2084 1149 2119 1183 ὠ·
2139 1159 2173 1190 4.
2196 1150 2249 1183 di-

1280 1195 1450 1241 stinfsione
1465 1222 1473 1236 ‚
1492 1194 1589 1243 quod
1608 1194 1698 1229 idem
1713 1206 1744 1229 in
1757 1192 1878 1228 effectu
1894 1192 2004 1229 scribit
2019 1195 2094 1229 ΕΛ).
2109 1197 2250 1232 Genuen.

1292 1255 1394 1290 quem
1416 1243 1518 1278 citavi
1549 1242 1689 1289 soLfirb
1711 1256 1796 1281 num.
1826 1254 1882 1286 43.
1916 1242 2055 1291 hocque
2085 1245 2251 1279 cambium

1292 1292 1399 1326 citato
1433 1291 1522 1327 Soto
1545 1318 1555 1333 ,
1587 1295 1687 1340 cujus
1713 1290 1904 1326 sententiam
1935 1291 2034 1325 retuli
2066 1291 2251 1327 formaliter·

1288 1341 1358 1387 sup.
1370 1340 1435 1386 sub
1459 1351 1582 1374 numer.
1608 1351 1664 1374 20.
1693 1340 1727 1377 ἐφ’
1752 1342 1864 1374 citatis
1891 1339 1972 1372 aliis
1991 1365 1999 1380 ‚
2025 1340 2162 1374 damnat
2188 1343 2252 1376 Ro-

1292 1390 1389 1423 moal.
1419 1389 1488 1422 Coli
1509 1390 1605 1423 tra&-
1623 1387 1665 1421 de
1688 1387 1792 1422 camb.
1811 1402 1838 1422 c.
1859 1398 1915 1420 22.
1941 1399 2030 1423 vers.
2053 1389 2088 1422 la
2105 1390 2252 1436 seconcia

1293 1436 1492 1482 conclusione.
1763 1436 1765 1439 ’

1342 1485 1470 1520 Contra
1497 1484 1749 1519 conclusionem
1776 1483 1880 1529 hujus
1904 1483 1994 1519 tertii
2019 1484 2112 1519 casus
2138 1482 2260 1522 tenent'

2352 229 2355 294 l

2362 422 2375 442 Ο4

2296 1491 2385 1529 611:

1294 1535 1461 1581 Boninseg.
1485 1535 1619 1567 Navar.
1640 1533 1672 1569 ὠ
1700 1532 1803 1568 Mich.
1833 1532 1900 1566 Sal.
1921 1545 1997 1579 quos
2016 1535 2140 1568 circavi
2155 1535 2255 1587 supr-‘d
2292 1559 2295 1563 -

1293 1593 1476 1626 nnmer.43.
1498 1580 1543 1614 illi
1568 1580 1652 1614 enim
1675 1592 1790 1615 omnes
1812 1579 2003 1627 loquuntur
2023 1580 2054 1614 in
2077 1580 2197 1616 effeau
2218 1595 2252 1617 in

1293 1629 1425 1663 cambio
1445 1628 1544 1675 huJ‘us
1565 1629 1653 1664 tertii
1672 1628 1787 1663 casus:
1806 1627 1874 1662 imo
1891 1627 1978 1670 idem
1997 1628 2072 1663 Fab.
2090 1629 2126 1667 (ᾤ’
2142 1632 2254 1666 Azor.

1294 1680 1390 1712 citati
1413 1689 1451 1711 ex
1470 1676 1609 1711 adverso
1632 1689 1694 1723 pro
1717 1675 1935 1711 conclusione
1955 1689 2040 1710 num.
2059 1678 2198 1724 praeced.
2220 1677 2254 1713 se

1294 1724 1382 1771 ipsos
1405 1725 1561 1760 videntur
1581 1726 1687 1760 statim
1717 1724 1887 1772 corrigere
1912 1725 2153 1761 concludendo
2183 1725 2252 1762 hoc

1295 1773 1461 1808 cambium
1485 1772 1550 1808 effe
1573 1772 1756 1820 suspectum
1782 1799 1793 1815 ‚
1825 1771 1881 1806 sed
1909 1771 2033 1808 fastum
2061 1785 2132 1809 non
2159 1775 2253 1810 dam'-

1293 1822 1452 1856 nandum.
1575 1852 1578 1856 .

1344 1870 1492 1905 Retenta
1514 1881 1597 1916 ergo
1618 1868 1763 1903 secunda
1783 1867 1967 1914 opinione,
1985 1870 2090 1916 posita
2093 1871 2156 1917 fieb
2168 1881 2251 1906 nat.

1293 1918 1440 1965 ‘superest
1461 1945 1472 1961 ‚
1497 1927 1534 1955 ut
1563 1913 1820 1965 respondeamus
1848 1918 1891 1954 ad
1912 1928 2109 1965 argumenta
2134 1919 2254 1967 primae

1293 1966 1471 2014 opinionis,

1344 2015 1405 2050 Ad
1436 2014 1577 2061 primum
1596 2039 1607 2053 ‚
1639 2012 1784 2059 positum
1799 2015 1894 2062 supr.
1910 2013 1976 2062 fieb
2001 2026 2124 2061 numer.
2147 2029 2179 2052 ι.
2207 2016 2252 2052 de

1295 2062 1424 2099 inverso
1451 2063 1636 2097 litterarum
1665 2059 1726 2096 usu
1753 2061 1839 2096 inter
1868 2062 2070 2109 praesentes,
2093 2063 2128 2098 &
2151 2064 2195 2098 ad
2220 2065 2252 2100 se

1291 2111 1398 2158 ipsum
1414 2137 1424 2152 ‚
1454 2110 1514 2158 qui
1543 2108 1656 2144 scribit
1676 2135 1686 2151 ,
1712 2107 1900 2156 respondeo
1920 2137 1930 2152 ‚
1959 2111 2058 2160 quod
2078 2110 2138 2146 iste
2161 2113 2252 2148 littee⁸

1293 2171 1401 2194 rarum
1425 2158 1504 2193 usus
1522 2185 1533 2200 ,
1560 2158 1658 2192 etiam
1686 2157 1771 2192 inter
1795 2159 1973 2204 praesentes
1991 2158 2108 2201 ,‘·nihi!
2136 2160 2250 2196 detra·

1293 2208 1344 2243 hit
1368 2206 1502 2252 iustitiae
1522 2205 1715 2241 contradus
1737 2232 1747 2247 ,
1770 2206 1804 2240 δι
1831 2207 1864 2240 in
1891 2206 1987 2241 claris
2013 2207 2139 2251 cessant
2165 2212 2248 2249 ‚conl

1292 2257 1432 2303 jeflurae
1453 2282 1463 2297 ‚
1491 2256 1525 2289 δε
1550 2253 1752 2300 suspiciones
1774 2266 1787 2298 3
1811 2255 1845 2289 &
1867 2254 1913 2288 est
1942 2254 2018 2294 usus
2038 2255 2216 2292 laudabilis

1291 2316 1364 2338 nam
1394 2315 1472 2339 cum
1498 2303 1663 2338 cambium
1685 2300 1780 2338 fieret
1800 2329 1811 2345 ,
1840 2313 1944 2350 prout
1967 2302 2007 2339 fit
2032 2315 2073 2349 ex
2104 2302 2175 2340 uno
2205 2304 2250 2340 ad

1290 2352 1390 2386 alium
1419 2352 1533 2387 locum
1555 2378 1566 2393 ,
1591 2362 1745 2397 congrue
1767 2351 1876 2397 coepit
1902 2377 1913 2392 ‚
1942 2353 1975 2386 δε
2000 2351 2248 2398 continuavit,

1286 2399 1362 2434 fieri
1392 2411 1450 2447 per
1484 2400 1611 2435 litteras
1630 2425 1639 2439 ,
1668 2410 1736 2435 tum
1768 2409 1908 2445 propter
1940 2399 2247 2442 locorumdistat'ii

1290 2450 1368 2484 tiam
1389 2475 1400 2493 ,
1423 2460 1504 2495 quae
1527 2448 1638 2483 secum
1662 2445 1764 2482 trahit
1790 2445 2002 2493 personarum
2013 2457 2017 2469 ³
2027 2443 2207 2484 absentiam
2234 2476 2247 2494 ‚
2282 2444 2297 2472 ⁴³

1290 2506 1362 2532 tum
1395 2507 1536 2544 propter
1568 2495 1727 2541 majorem
1756 2492 1992 2530 contrahendi·—
2009 2492 2204 2532 facilitatem
2224 2500 2246 2543 ⁴¹,

1289 2556 1330 2579 ac
1355 2546 1561 2580 celeritatem
1585 2570 1594 2585 ‚
1622 2555 1703 2591 quae
1730 2541 1762 2576 in
1787 2543 1929 2578 cambiis
1952 2542 2153 2585 desideratur
2174 2557 2188 2589 ;
2211 2542 2246 2586 ὃς

1291 2604 1368 2627 cum
1396 2592 1458 2627 iste
1481 2593 1665 2627 litterarum
1691 2590 1769 2625 usus
1793 2590 1892 2637 possit
1920 2591 2039 2626 servari
2071 2589 2170 2628 etiam
2195 2593 2247 2628 in'-

1291 2642 1345 2675 ter
1366 2640 1545 2686 praesentes
1568 2667 1578 2682 ‚
1613 2650 1684 2675 tum
1710 2638 1790 2685 quia
1817 2650 1899 2676 tunc
1925 2640 2048 2675 litterae
2071 2666 2092 2682 ,v
2108 2639 2250 2677 direfkae

1289 2688 1331 2723 ad
1357 2687 1552 2734 praesentem
1575 2714 1586 2731 ‚
1612 2687 1664 2722 vel
1687 2686 1730 2722 ad
1757 2685 1893 2734 seipsum
1919 2687 2114 2724 scribentem
2138 2687 2248 2731 3assu'-

1290 2746 1428 2771 muntur
1448 2747 1598 2772 naturam
1627 2734 1790 2780 apodissae
1814 2762 1824 2776 ‚
1857 2733 1993 2782 propria
2018 2747 2119 2770 manu
2148 2736 2250 2785 scrip·
2304 2747 2310 2755 ¹

1291 2796 1338 2820 tae
1358 2810 1368 2825 ,
1403 2786 1437 2819 δε
1474 2784 1565 2819 datae
1591 2783 1787 2824 creditori,
1821 2784 1880 2831 qui
1905 2795 1943 2818 ea
1976 2783 2077 2830 poffit
2110 2783 2249 2820 debito-

1290 2844 1357 2866 rem
1386 2832 1571 2869 convenire
1598 2858 1608 2872 ‚
1640 2842 1710 2867 tum
1742 2831 1823 2878 quia
1853 2831 1940 2866 illius
1969 2831 2131 2880 apodiss'ae
2155 2831 2248 2868 solu*-

1292 2880 1341 2915 tio
1372 2881 1418 2915 est
1449 2881 1609 2916 destinata
1640 2879 1716 2914 alibi
1740 2906 1749 2919 ‚
1786 2880 1820 2914 δε
1856 2879 1936 2914 ideo
1970 2879 2092 2916 retinet
2118 2880 2153 2914 in
2179 2880 2248 2916 hoc

1290 2938 1440 2963 naturam
1467 2955 1477 2970 ,
1515 2939 1654 2976 quarum
1691 2925 1768 2962 usus
1791 2954 1801 2969 ‚
1836 2938 1876 2963 ut
1912 2926 1981 2960 dixi
2018 2928 2064 2962 est
2099 2939 2139 2962 ex
2174 2939 2248 2970 uno

1289 2976 1331 3010 ad
1356 2976 1456 3011 alium
1480 2977 1595 3011 locum
1619 3002 1629 3017 ,
1666 2976 1786 3010 merito
1819 2974 1874 3010 ille
1901 2973 1980 3009 usus
2014 2987 2081 3010 non
2110 2975 2156 3010 est
2191 2988 2247 3023 va-

1289 3024 1423 3059 riandus
1440 3051 1450 3066 ‚
1473 3024 1554 3072 quia
1580 3034 1661 3072 quae
1681 3021 1741 3058 diu
1763 3022 1935 3059 observata
1962 3021 2058 3058 suere
2076 3051 2087 3066 ,
2112 3023 2247 3060 minime

1289 3072 1446 3108 mutanda
1472 3073 1558 3107 sunt.
2052 3113 2055 3116 .
2155 3100 2157 3104 .
2189 3083 2193 3087 ·

1338 3120 1399 3154 Ad
1423 3119 1605 3157 secundum
1631 3146 1641 3161 ‚
1666 3119 1811 3166 positum
1828 3120 1936 3168 fitpra
1947 3119 2011 3167 fi‘b
2026 3132 2112 3155 num.
2139 3133 2172 3155 2.
2203 3121 2246 3155 de

1291 3169 1464 3213 campsore
1487 3179 1617 3203 emente
1641 3167 1756 3202 scutos
1783 3168 1990 3204 marcharum
2013 3168 2043 3203 a,
2059 3161 2246 3214 campsorio

1292 3227 1394 3263 quem
1416 3217 1512 3252 novit
1535 3228 1602 3250 non
1625 3215 1745 3250 habere
1770 3215 1845 3250 illos
1865 3214 2002 3258 sentos,
2018 3215 2087 3250 imo
2112 3216 2247 3251 videtur

1293 3275 1401 3298 emere
1417 3276 1484 3299 rem
1503 3264 1678 3312 propriam,
1691 3262 1880 3309 respondeo
1894 3263 1992 3310 quod
2007 3263 2088 3306 licet
2099 3263 2249 3311 campsot

1295 3324 1338 3346 eo
1365 3312 1435 3358 ipso
1459 3339 1468 3352 ,
1497 3311 1592 3359 quod
1624 3310 1824 3357 campsorius
1852 3309 1934 3346 facit
1959 3309 2085 3348 litteras
2108 3311 2248 3351 direCkas

1294 3359 1421 3411 ipfimet
1445 3359 1605 3406 campsori
1621 3384 1631 3399 ‚
1655 3368 1691 3395 ut
1713 3359 1820 3394 solvat
1843 3358 2030 3406 sibimetipsi
2052 3386 2063 3402 ‚
2092 3359 2246 3394 videatur

1294 3407 1376 3441 scire
1387 3435 1395 3449 ‚
1411 3408 1614 3454 campsorem
1635 3405 1840 3449 nonhabere
1855 3407 2015 3454 pecunias
2027 3433 2037 3448 ‚
2066 3402 2220 3442 essedum
2237 3433 2248 3448 ‚

1298 3455 1353 3489 seu
1381 3455 1546 3491 creditum
1569 3455 1601 3488 in
1624 3454 1705 3488 loco
1722 3453 1896 3491 destinatae
1916 3453 2091 3490 solutionis
2113 3467 2121 3490 :
2142 3452 2252 3500 tameit

1297 3503 1366 3538 hoc
1393 3515 1460 3539 non
1478 3501 1678 3543 concludit,
1695 3502 1792 3549 quod
1810 3500 1958 3548 campsor
1981 3501 2160 3544 sciat‚.seu
2179 3501 2250 3538 cre·
2277 3538 2288 3543 ,,

1297 3550 1366 3592 dat,
1383 3550 1602 3598 campsorium
1617 3561 1687 3584 non
1703 3550 1894 3586 habiturum
1909 3550 2068 3596 pecunias
2082 3578 2092 3593 ‚
2111 3549 2168 3586 seu
2181 3562 2252 3586 mo·
2284 3552 2286 3554 ’
2304 3549 2312 3580 T

1298 3597 1379 3634 dum
1396 3597 1556 3640 solvendi,
1569 3596 1640 3633 imo
1656 3607 1884 3646 retorquetur,
1901 3595 2000 3644 quod
2017 3609 2058 3634 ex
2077 3599 2145 3635 hoc
2157 3597 2254 3681 ἰρΓΞεἰ

2154 3657 2201 3694 qu
