2400 3939
55 1455 94 1490 18

43 3382 94 3415 ¹9

801 167 850 229 §2
886 163 1008 220 III.
1046 154 1367 220 Glls0.111.

145 253 257 290 debito
284 251 332 288 ad
347 255 494 289 „Antonio
507 279 517 294 ,
534 251 569 289 &
585 251 709 296 infienze
725 263 781 285 con
802 252 912 297 lafita
927 255 1114 300 provigione

142 313 204 350 per
229 303 257 336 it
281 312 476 350 pagamento
492 301 526 338 (ἃ
543 304 780 335 continuatione
802 300 897 332 della
917 303 1083 346 scrittura
1102 327 1113 342 ,

137 353 236 398 farta
247 350 431 384 infGenova
446 375 456 390 ,
475 361 514 382 ne
525 351 572 395 fa
590 349 628 381 di
644 360 746 381 nuovo
761 358 865 381 traria
880 348 916 380 al
927 348 1015 382 detto
1029 349 1110 381 Gia-

146 411 232 432 como
250 409 308 444 per
331 408 419 430 conto
445 397 502 430 del
527 397 614 430 detto
638 398 779 428 Antonio
794 396 844 428 col
861 409 909 429 me
925 396 1043 436 definio
1057 409 1110 430 or-

147 447 224 480 dine
239 472 247 486 ,
264 447 298 482 &
315 445 516 492 noneffmdo
530 446 717 491 sodisfatra
733 447 778 477 da
798 444 853 489 ello
865 454 880 477 ,’
891 445 925 488 se
938 456 976 476 ne
997 445 1109 478 rivale

145 494 184 527 di
194 494 329 528 Genava
343 493 389 526 da
405 495 515 526 Pieero
530 505 587 526 con
601 494 636 526 la
643 494 709 538 sua
723 494 923 539 provigione,
935 491 1000 525 dal
1011 492 1109 538 quale

143 543 177 575 in
199 541 333 575 Genova
351 541 367 574 e'
376 551 501 589 pagata
517 540 552 573 la
571 550 675 575 traua
687 546 706 580 ,'
717 541 733 574 e*
750 551 809 574 con
822 540 932 584 lafita
943 543 1108 586 provigio-

143 601 181 623 ne
191 591 232 636 se
250 602 288 624 no
307 600 401 623 torna
415 591 435 622 ἀ
450 589 600 622 rivalere
615 587 652 622 di
668 592 834 624 Piacenza
847 587 909 621 dal
923 588 1011 622 detto
1027 588 1108 621 Gia-

143 649 230 672 como
246 648 306 684 per
320 647 411 671 conto
434 636 580 670 diduco
599 638 743 675 Antonio
759 662 769 677 ,
785 635 820 672 (θ’
840 635 900 680 cofi
910 636 942 681 fi
958 639 1108 671 continua

139 694 200 732 per
220 686 336 720 altune
358 683 450 725 fiere.
499 687 502 691 '

193 735 226 767 si
243 733 409 771 domanda
426 733 482 779 ,fi-
501 736 612 769 Pietro
627 735 661 766 in
679 732 813 766 Genava
826 758 835 773 ,
847 731 956 776 stante
975 731 1003 765 il
1017 732 1106 767 detto

141 780 181 814 di
185 782 288 828 sopra
302 808 310 820 ,
327 781 369 814 ha
380 781 596 828 giustamente
609 791 746 821 comato,
765 781 800 815 &
817 781 897 814 dato
912 780 1019 813 debito
1032 781 1106 814 del-

140 828 177 862 la
187 830 256 876 sua
266 832 456 876 provigione
470 828 489 863 ὰ
503 841 545 863 un
560 840 653 863 terzo
665 839 724 875 per
739 838 827 863 cento
838 828 874 864 al
888 829 976 861 detto
999 830 1105 862 Anto-

140 879 193 910 nio
210 887 270 923 per
291 877 318 910 il
339 887 535 924 pagamento
547 904 556 919 ‚
577 878 611 914 (θ’
628 878 862 910 continuatione
879 876 973 909 della
979 877 1105 922 scritu-

140 935 181 958 ra
195 950 204 965 ,
225 925 272 958 da
292 924 348 971 effa
365 926 462 972 farta
483 924 674 959 havendola
690 923 828 970 maffime
851 926 884 957 in
901 923 989 965 fiera
1005 926 1106 970 presa

135 973 273 1019 persona
293 983 392 1006 terza
409 999 418 1012 ‚
436 972 470 1008 (ΞΤ
494 974 528 1017 se
545 973 603 1012 cofi
623 973 640 1006 e'
655 973 736 1018 stile
752 972 966 1012 mammae,
983 971 1041 1005 che
1052 972 1105 1016 fia

138 1021 265 1055 dovura
282 1021 316 1055 la
333 1020 510 1067 ‘provtfione
529 1024 561 1054 in
572 1021 660 1066 fiera
672 1045 682 1061 ‚
708 1020 743 1057 (ᾗ
766 1023 798 1054 in
821 1020 955 1053 Genova
976 1022 1010 1053 in
1030 1022 1104 1068 caso

127 1069 353 1117 somigliante.

189 1118 289 1152 .Ῑο.Ν.
312 1117 385 1150 dico
402 1141 412 1156 ‚
430 1115 487 1150 che
493 1118 572 1162 sono
593 1116 631 1150 di
647 1127 766 1163 parere
779 1141 788 1156 ‚
805 1116 863 1150 che
883 1117 1007 1149 Piettro
1024 1117 1105 1151 hab-

138 1164 196 1198 bia
212 1168 338 1199 ratione
352 1167 385 1199 in
408 1174 520 1197 contar
537 1165 567 1197 le
583 1168 769 1212 provigioni
782 1164 876 1197 della
886 1166 1016 1210 partita
1032 1178 1105 1199 con-

138 1212 398 1259 tinovatasopra
419 1212 539 1246 cambii
556 1217 612 1259 qui
631 1216 662 1246 in
687 1213 820 1246 Genova
835 1238 844 1252 ,
866 1212 1106 1247 remittendomi

134 1270 213 1308 pero
233 1260 252 1295 a
272 1263 324 1295 cui
344 1272 392 1293 me
416 1259 459 1293 lio
473 1261 671 1307 l’entendeffe
686 1287 694 1300 ‚
713 1261 749 1293 di
768 1263 832 1294 mia
847 1263 981 1306 propria
996 1273 1101 1297 manv.

186 1307 355 1355 Huicque
400 1307 452 1341 dei
472 1307 504 1341 se
528 1307 789 1354 subscripserunt
808 1308 888 1342 οξὶο
902 1318 1104 1344 mercatores

135 1356 194 1391 seu
211 1355 442 1403 negotiatores
460 1367 498 1388 ex
516 1355 619 1401 prima
638 1356 747 1390 classe.

205 1440 207 1443 ,
329 1402 449 1438 Tenor
475 1403 611 1438 alterius
642 1403 902 1449 subscriptionis.

185 1453 294 1487 Pietro
315 1451 461 1486 ricbiede
483 1452 530 1485 ad
553 1455 695 1485 Antonio
717 1455 749 1485 in
766 1453 902 1486 Genava
916 1477 925 1490 ‚
945 1452 1003 1486 che
1014 1453 1102 1500 pigli

136 1499 157 1534 ὰ
171 1499 296 1534 cambio
312 1510 372 1547 per
389 1499 437 1532 lui
448 1499 548 1546 scudi
570 1500 661 1533 mille
675 1526 684 1539 ‚
705 1500 721 1533 e*
738 1499 794 1533 che
814 1500 840 1532 li
861 1510 1027 1548 trattenga
1042 1504 1101 1548 so-

131 1557 196 1595 pra
213 1547 334 1581 cambii
349 1548 386 1581 di
402 1546 535 1594 Genava
554 1547 572 1582 ἀ
589 1549 756 1581 Piacenza
768 1573 777 1587 ,
797 1548 831 1584 &³
848 1548 884 1581 di
895 1549 1062 1581 Piacenza
1080 1549 1100 1582 ὰ

136 1596 273 1630 Genava
287 1621 297 1636 ‚
309 1607 368 1643 per
381 1595 497 1629 alcune
513 1595 591 1635 fiere
603 1621 612 1636 ,
625 1596 658 1630 ὠ*
671 1606 832 1642 promette
844 1598 972 1643 persua
984 1598 1099 1643 poliza

135 1644 174 1677 di
183 1645 387 1691 pagarglieli
406 1643 454 1676 ad
477 1646 548 1691 ogni
557 1645 789 1690 fitasemplice
806 1643 956 1688 richiesta
973 1643 1098 1688 insieme

136 1704 192 1725 con
207 1692 234 1726 lt'
253 1692 386 1738 intereffi
399 1692 441 1724 de
462 1691 581 1725 cambii
595 1718 604 1732 ,
621 1690 638 1724 ex
651 1692 807 1725 recamL-ii
819 1719 826 1731 ‚
844 1691 966 1739 espeffe
983 1693 1097 1726 decor-

124 1741 191 1787 fi,
215 1741 232 1774 e'
252 1740 308 1773 che
333 1742 587 1773 decorrerranno
599 1739 666 1784 fino
689 1740 853 1773 all’intero
874 1750 1070 1787 pagamento
1087 1765 1097 1780 ‚

135 1787 178 1821 de
195 1789 287 1835 quali
304 1786 437 1832 intereffi
452 1813 460 1826 ‚
483 1787 500 1820 ἐ
510 1789 607 1834 spese
621 1787 652 1832 fi
675 1799 819 1821 contenta
832 1789 939 1831 starne
960 1789 997 1821 al
1010 1790 1099 1833 sem-

131 1835 221 1884 plice
234 1839 438 1884 giuramento
462 1835 500 1868 di
518 1837 606 1868 detto
621 1838 763 1869 Antonio
775 1861 784 1875 ‚
799 1837 907 1882 finza
921 1836 1014 1870 altra
1024 1847 1098 1882 pro-

135 1895 184 1917 να
197 1909 206 1924 ,
223 1885 261 1916 al
280 1884 376 1929 quale
398 1895 458 1918 non
475 1883 624 1918 havendo
647 1885 674 1916 il
693 1884 781 1917 detto
797 1885 907 1917 Pietro
926 1883 1026 1931 doppo
1047 1885 1098 1918 al-

135 1943 214 1966 tune
228 1931 307 1972 fiere
331 1931 415 1964 data
435 1931 471 1964 la
492 1931 618 1965 dovuta
628 1932 861 1978 fhdisfattione
876 1957 886 1972 ,
898 1932 944 1977 fu
961 1933 1097 1966 conden-

136 1990 214 2014 nato
238 1981 265 2013 il
291 1979 380 2013 detto
401 1981 510 2012 Pietro
529 1990 589 2025 per
592 1982 755 2026 sentenza
775 1979 794 2014 a
812 1979 915 2013 dover
931 1991 1058 2028 pagare
1079 1981 1099 2015 ὰ

136 2028 224 2061 detto
241 2030 359 2061 Ancon.
377 2027 539 2074 lisudetti
550 2028 652 2074 sctcdi
667 2028 759 2062 mille
775 2039 831 2061 con
853 2028 1018 2075 l'intercffe
1043 2028 1100 2062 del

136 2076 262 2110 cambio
275 2102 284 2115 ‚
301 2076 316 2109 e'
332 2075 493 2110 recamhio
504 2075 541 2108 al
558 2087 645 2110 conto
659 2102 668 2116 ‚
686 2076 702 2109 ἐ
717 2088 773 2109 con
790 2076 821 2108 le
827 2076 923 2122 spese
936 2075 972 2109 di
981 2076 1097 2124 gabel—

136 2122 173 2157 la
188 2149 198 2165 ,
222 2124 239 2157 e'
256 2126 442 2172 provigioni
455 2133 512 2168 per
529 2124 668 2165 trefiere.
695 2126 728 2158 si
741 2123 906 2157 domanda
920 2149 930 2163 ‚
941 2125 982 2171 se
989 2124 1099 2169 stante

136 2171 173 2204 Ia
182 2172 321 2219 sudetta
334 2175 488 2218 [entenza
501 2197 512 2211 ‚
530 2170 571 2204 ha
584 2183 691 2219 poturo
709 2172 736 2205 il
755 2172 844 2205 detto
867 2174 1007 2205 Antonio
1022 2174 1097 2220 giu-

132 2219 290 2263 stamente
305 2246 314 2259 ,
337 2219 353 2253 e'
370 2221 530 2266 conforme
554 2221 584 2253 lo
601 2221 679 2266 stile
697 2220 887 2253 mercantile
906 2220 970 2252 dar
990 2219 1098 2254 debito

136 2271 192 2314 qui
201 2271 237 2302 in
248 2268 382 2302 Genava
395 2267 465 2302 nell
479 2269 595 2301 ritorni
606 2269 646 2301 de
651 2267 812 2315 suddette
823 2266 952 2305 tresiere
963 2267 1000 2301 al
1011 2269 1099 2302 detto

137 2317 248 2350 Pietro
273 2316 367 2350 della
386 2318 452 2361 βαι
470 2319 658 2363 provigione
671 2342 681 2357 ,
711 2327 797 2349 come
817 2315 970 2348 devutali
983 2327 1041 2361 per
1062 2316 1098 2350 la

135 2366 372 2399 continuatione
388 2363 482 2397 della
495 2364 642 2407 scritura
654 2390 663 2405 ‚
685 2363 718 2399 ἐν
738 2373 798 2409 per
820 2363 847 2396 il
852 2365 914 2409 suo
929 2365 1099 2411 travaglio

136 2412 175 2446 di
188 2412 348 2458 prendere
369 2413 395 2445 li
414 2413 532 2445 denari
553 2413 572 2445 ὰ
592 2412 737 2451 cambio,
761 2411 777 2444 ἑ
797 2422 945 2444 correrne
967 2412 995 2444 il
1009 2412 1098 2453 rilico

137 2472 197 2494 non
217 2460 368 2493 havendo
390 2459 526 2505 maffime
554 2463 586 2492 in
611 2459 693 2498 fiera
715 2460 807 2506 presb
839 2459 887 2491 lui
911 2462 1099 2508 provigione

137 2509 261 2543 alcuna
267 2509 369 2555 sopra
381 2508 408 2540 il
427 2510 513 2540 detto
529 2507 638 2542 debito
651 2534 660 2549 ‚
677 2508 768 2542 mala
779 2507 913 2553 persona
927 2532 935 2546 ‚
953 2508 990 2540 al
1004 2508 1101 2554 quale

128 2557 176 2604 su
193 2567 294 2590 tratto
310 2582 320 2597 ‚
345 2555 379 2592 ᾤ’
400 2557 431 2589 lo
449 2566 533 2602 pago
558 2559 592 2590 in
608 2555 696 2597 ficia
721 2556 757 2588 di
784 2554 896 2588 ordine
922 2554 992 2588 dell
1014 2555 1102 2589 detto

139 2607 283 2638 Antonio
296 2630 307 2645 ‚
330 2605 346 2638 ε’
360 2605 391 2638 lo
408 2602 535 2644 refletto
553 2616 617 2650 qua
635 2605 655 2640 ὰ
673 2604 807 2638 Genava
823 2628 833 2644 ,
849 2615 935 2636 come
950 2604 1032 2646 costa
1043 2613 1102 2650 per

141 2653 174 2687 le
184 2653 246 2698 fiae
264 2653 390 2685 lettere.

191 2702 294 2736 .Ῑο.Ν.
314 2702 386 2744 fimo
409 2699 446 2732 di
465 2709 608 2745 parere,
635 2699 693 2734 che
719 2700 766 2734 ad
786 2701 928 2733 Antonio
947 2726 957 2742 ,
981 2700 1038 2735 che
1059 2700 1102 2734 ha

136 2750 229 2796 preso
245 2748 380 2794 liscudi
394 2748 486 2781 mille
503 2749 523 2782 ὰ
539 2749 663 2783 cambio
673 2758 733 2794 per
747 2760 834 2782 conto
849 2748 886 2780 di
905 2749 1013 2782 Pietro
1028 2749 1103 2795 lisa

139 2797 262 2831 dovuto
273 2795 431 2841 l'intereffi
442 2821 450 2835 ‚
464 2796 670 2845 e'provigioni
683 2797 719 2829 di
737 2796 871 2829 Genava
886 2821 895 2835 ,
917 2797 999 2829 oltre
1011 2793 1102 2843 quel-

139 2844 176 2878 la
192 2844 428 2891 istata¹prefa
449 2847 482 2877 in
504 2843 590 2885 fiexa
615 2845 713 2878 dalla
728 2846 864 2891 persona
881 2869 890 2883 ‚
917 2843 974 2877 che
993 2848 1026 2878 in
1046 2845 1102 2892 effe

132 2891 217 2938 fiere
239 2892 283 2926 ha
301 2903 421 2941 pagato
443 2892 470 2924 li
492 2892 577 2926 detti
587 2893 690 2941 studi
713 2893 804 2926 mille
827 2891 976 2926 d’ordine
998 2894 1102 2925 Anto-

138 2943 191 2974 nio
203 2966 213 2982 ,
232 2941 267 2977 (¹1
280 2939 538 2986 cofifimt'lmente
556 2953 677 2974 mentre
693 2942 708 2974 ε’
721 2941 808 2983 stata
825 2941 1035 2973 cominovata
1050 2941 1102 2973 tal

136 2989 265 3035 partita
276 2990 378 3035 sopra
401 2987 523 3022 cambii
541 2990 574 3022 in
595 2989 625 3022 lc
644 2987 721 3028 fiere
736 3014 745 3028 ‚
766 2988 801 3024 ό
820 2987 922 3033 questo
942 2997 1001 3034 per
1025 2988 1100 3035 efflr

139 3035 200 3077 coli
218 3036 246 3069 il
252 3037 334 3081 stile
350 3037 392 3070 de
409 3038 606 3083 negotianti,
623 3037 658 3073 (γ
678 3036 816 3069 haverlo
837 3035 938 3068 anche
960 3045 1098 3070 ottenuto

138 3085 173 3117 in
182 3083 328 3132 gludicio
339 3086 442 3118 manti
454 3084 490 3117 la
502 3087 586 3120 Rota
599 3110 610 3126 ,
625 3084 868 3118 remetiendomi
870 3083 1004 3130 semper
1015 3086 1097 3117 ami-

133 3131 241 3180 gliore
260 3142 393 3179 parere.

187 3179 236 3214 Et
252 3179 334 3214 huic
344 3178 424 3214 fidei
441 3178 473 3213 se
487 3178 746 3225 subscripserunt
758 3176 878 3231 viginti
895 3178 968 3213 duo
983 3205 992 3220 ‚
1009 3191 1094 3227 quo-

137 3238 210 3261 rum
225 3227 328 3276 aliqui
353 3227 428 3262 sunt
447 3227 548 3262 iidem
571 3253 582 3268 ,
607 3227 668 3274 qui
684 3225 940 3273 subscripserunt
963 3239 1095 3274 praece-

136 3274 273 3311 dentem
301 3275 415 3310 fidem.

416 3323 538 3359 Tenor
563 3323 696 3357 alterius
721 3320 812 3355 fidei.

186 3376 222 3408 Si
229 3374 271 3420 fa
274 3373 414 3421 sedada
430 3376 482 3408 noi
501 3374 698 3419 infrascritti
711 3372 888 3418 negotianti
909 3371 1092 3417 qualmente

135 3419 170 3454 la
189 3425 301 3456 verita
314 3448 324 3462 ‚
343 3421 378 3458 (θ’
401 3422 488 3468 corso
508 3431 693 3460 commune,
715 3418 749 3454 (θ’
767 3417 826 3462 cofi
842 3418 858 3451 ε’
875 3418 903 3451 il
909 3419 1009 3464 solito
1024 3445 1033 3459 ‚
1055 3420 1090 3456 ό

126 3469 189 3515 uso
208 3470 399 3504 mercantile
417 3471 471 3516 qui
492 3470 525 3501 in
545 3467 678 3500 Genava
697 3493 708 3509 ,
728 3465 786 3499 che
806 3466 859 3499 chi
881 3467 1090 3501 accommoda

134 3517 253 3552 denari
268 3519 316 3552 ad
337 3518 420 3552 altri
441 3516 488 3550 ad
512 3513 651 3562 intereffe
672 3525 730 3561 per
753 3523 910 3548 trattener
935 3515 962 3547 il
981 3514 1088 3548 debito

130 3565 229 3611 sopra
249 3565 372 3600 cambii
393 3575 448 3599 tra
465 3566 520 3611 qui
542 3589 553 3603 ‚
577 3563 592 3596 ἐ
614 3565 782 3597 l’iacenza
798 3587 807 3602 ,
829 3561 956 3608 quando
974 3562 1001 3595 il
1019 3573 1089 3596 cre-

132 3611 239 3646 ditore
251 3613 498 3661 vuolescuoder
515 3611 542 3645 il
548 3612 610 3658 suo
624 3610 747 3643 credito
766 3621 822 3643 con
836 3609 1011 3657 lz‘ntereffe,
1030 3621 1089 3643 non

131 3659 160 3693 Ii
176 3661 262 3695 deve
275 3663 374 3708 quiin
387 3661 522 3696 Genava
541 3669 652 3694 contar
661 3659 852 3706 provigione
865 3657 987 3692 alcuna
1004 3683 1015 3700 ,
1034 3669 1088 3693 ma

2013 177 2124 233 415

1154 249 1340 294 solamente
1359 247 1507 282 contaria
1534 249 1565 280 in
1584 245 1673 288 fiere
1691 247 1728 281 di
1747 249 1913 283 Piacenza
1927 272 1936 287 ,
1956 247 2085 295 quando
2106 247 2131 287 li

1162 298 1326 331 mundano
1351 296 1386 330 al
1404 307 1507 342 tempo
1533 295 1623 330 delle
1642 295 1722 334 fiere
1751 297 1783 330 le
1804 297 1919 330 lettere
1943 296 1980 328 di
2003 294 2129 329 cambio

1162 347 1195 378 in
1214 345 1270 393 effe
1284 344 1370 386 fiere
1394 370 1404 385 ,
1434 349 1467 379 in
1489 344 1583 377 modo
1613 343 1682 375 tale
1705 368 1715 382 ‚
1744 344 1802 377 che
1833 346 1921 378 detto
1940 342 2047 377 debito
2068 354 2128 376 non

1161 392 1262 426 habbi
1284 395 1392 427 carica
1411 393 1477 434 solo
1499 393 1598 425 d'una
1616 393 1807 438 provigione
1826 394 1862 426 in
1883 393 2051 425 Piacenza
2066 401 2126 437 per

1163 444 1234 488 ogni
1253 439 1350 480 fiera.

1211 490 1313 523 J0.N.
1323 489 1439 534 saccio
1452 487 1536 533 fede
1549 512 1557 527 ‚
1577 485 1652 534 effer
1669 499 1748 523 vero
1764 513 1773 527 ,
1792 486 1849 521 che
1863 496 2128 521 communi-mente

1154 536 1187 579 fi
1192 537 1276 582 stila
1298 538 1332 569 in
1348 536 1456 582 questa
1476 536 1563 568 Citra
1585 536 1623 568 di
1648 536 1781 569 Genava
1798 545 1958 568 trattener
1978 536 2004 568 li
2024 525 2128 567 debili

1163 585 1237 618 alla
1249 585 1366 631 forma
1385 610 1392 622 ‚
1410 583 1467 617 che
1484 582 1521 615 di
1540 585 1634 628 sopra
1657 587 1734 617 vien
1756 582 1954 618 dichiarare.

1212 633 1280 668 Cui
1304 629 1536 675 subscriptioni
1566 629 1597 664 se
1620 630 1878 677 subscripserunt
1899 628 1953 662 alii
1982 628 2127 677 quinde-

1162 680 1225 716 cim
1241 707 1249 720 ‚
1273 679 1358 713 inter
1376 690 1469 726 quos
1487 689 1573 712 unus
1590 689 1660 714 erat
1691 679 1820 715 Consul
1838 677 2075 712 nundinarum.

1212 727 1280 762 Pro
1290 727 1442 761 absoluta
1455 725 1675 771 intelligentia
1686 727 1791 772 huJ'us
1806 725 2006 773 provisionis
2021 736 2125 774 quam

1160 775 1275 810 deberi
1292 774 1325 808 in
1345 774 1478 809 cambio
1495 785 1571 807 cum
1599 774 1729 809 recursa
1742 801 1751 815 ,
1778 772 1886 820 scripsi
1894 776 2002 820 supra
2014 784 2125 817 nu.14.

1159 825 1300 870 &seqq.
1321 822 1490 868 distingue
1509 821 1598 856 duos
1621 820 1725 856 casus.

1208 871 1339 906 Primus
1363 870 1456 904 casus
1486 869 1533 904 est
1557 895 1567 911 ‚
1592 871 1733 916 quando
1761 871 1885 906 illemet
1913 898 1923 913 ‚
1951 868 2012 920 qui
2028 870 2125 906 dedit

1158 920 1290 954 cambio
1307 946 1318 960 ,
1342 917 1443 954 solvit
1467 919 1593 952 sibimet
1612 917 1656 951 de
1681 917 1744 954 suis
1771 920 1916 965 propriis
1939 918 2094 966 pecuniis
2112 944 2124 960 ,

1158 969 1192 1002 ὃς
1209 968 1271 1002 isio
1285 966 1361 1001 casu
1376 965 1498 1002 litteris
1513 965 1677 1002 solvendo
1692 993 1701 1007 ‚
1715 976 1811 1012 gerat
1828 967 1930 1002 etiam
1945 966 2125 1013 negotium

1157 1015 1320 1050 debitoris
1336 1041 1346 1056 ‚
1376 1026 1535 1061 tanquam
1559 1014 1648 1048 illius
1676 1025 1878 1060 procurator
1893 1040 1903 1055 ,
1931 1015 2049 1062 sicque
2073 1026 2125 1049 re-

1158 1065 1336 1110 praesentet
1357 1062 1529 1109 duplicem
1552 1061 1723 1108 personam
1739 1089 1749 1103 ‚
1772 1073 1811 1098 ut
1832 1062 1900 1098 dixi
1921 1065 2012 1110 infra
2038 1064 2069 1108 ξ.
2088 1063 2120 1096 6.

1155 1114 1241 1161 gLr.
1255 1121 1346 1155 ηας.
1371 1121 1478 1146 tamen
1501 1110 1545 1144 de
1566 1110 1759 1157 provisione
1783 1110 1958 1158 tripliciter
1973 1109 2121 1146 dubitari

1157 1169 1338 1206 contingit.

1204 1207 1311 1241 Prima
1330 1205 1502 1242 dubitatio
1527 1205 1573 1240 est
1589 1232 1599 1246 ,
1619 1218 1660 1242 an
1676 1207 1824 1253 provifio
1845 1207 1904 1243 fibi
1922 1207 2084 1242 debeatur
2099 1207 2120 1241 ὲ

1155 1255 1307 1302 pluribus
1321 1282 1330 1296 ,
1357 1255 1403 1289 ita
1427 1265 1465 1289 ut
1491 1256 1528 1289 sit
1549 1253 1674 1298 duplex
1694 1255 1841 1302 provisio
1858 1269 1866 1290 2
1887 1255 1920 1290 &
1940 1254 2118 1290 concludo

1154 1303 1312 1349 negative
1326 1304 1391 1337 fine
1411 1302 1638 1337 controversia
1649 1328 1659 1343 ‚
1676 1303 1757 1349 quia
1774 1304 1937 1338 laboranti
1954 1315 2015 1349 pro
2031 1315 2115 1343 uno,

1153 1352 1193 1385 ab
1216 1352 1273 1385 illo
1298 1363 1368 1386 uno
1391 1350 1537 1385 debetur
1563 1361 1690 1384 merces
1706 1377 1716 1391 ‚
1738 1349 1794 1386 sed
1810 1351 1942 1385 solvens
1968 1351 2028 1386 fibi
2052 1363 2116 1397 pro

1152 1399 1212 1433 suo
1236 1399 1394 1434 debitore
1418 1424 1427 1440 ‚
1453 1398 1553 1433 solvit
1574 1409 1635 1444 pro
1657 1409 1726 1433 uno
1750 1425 1760 1441 ‚
1787 1410 1871 1446 ergo
1893 1401 1935 1433 ab
1964 1399 2021 1435 illo
2045 1410 2116 1435 uno

1150 1447 1383 1484 fibibdebetur
1408 1447 1566 1492 provisio.

1200 1495 1356 1529 Secunda
1372 1495 1542 1529 dubitatio
1556 1520 1566 1536 ‚
1583 1507 1623 1528 an
1636 1494 1695 1529 fibi
1709 1495 1873 1531 debeatur
1889 1495 2000 1531 saltem
2024 1506 2113 1541 prae-

1150 1542 1238 1577 dieta
1263 1543 1361 1576 unica
1380 1543 1528 1590 provifio
1546 1568 1554 1580 ,
1573 1554 1694 1589 nempe
1711 1544 1730 1578 a
1747 1543 1905 1579 debitore
1918 1571 1927 1585 ‚
1949 1546 1982 1578 &
1998 1542 2031 1576 in
2049 1542 2113 1577 hac

1149 1589 1364 1625 dubitatione
1388 1591 1498 1635 potest
1526 1589 1592 1625 esse
1615 1591 1714 1626 locus
1738 1591 1967 1637 opinionibus.

1199 1639 1328 1684 Opinio
1356 1639 1535 1684 negativa,
1560 1639 1658 1685 quod
1683 1652 1751 1674 non
1773 1640 1936 1675 debeatur
1960 1667 1969 1680 ,
1994 1638 2112 1674 suade-

1150 1695 1206 1720 tur
1232 1699 1269 1720 ea
1295 1686 1447 1727 ratione,
1476 1688 1556 1734 quia
1584 1688 1615 1720 in
1647 1688 1709 1721 hac
1739 1688 1907 1722 solutione
1926 1715 1935 1728 ‚
1956 1687 2111 1722 facienda

1149 1734 1204 1768 fibi
1233 1735 1290 1779 ipsi
1314 1761 1323 1775 ‚
1351 1734 1428 1767 fiete
1451 1735 1665 1769 contrahitur
1688 1748 1811 1772 novum
1837 1736 2001 1770 cambium
2023 1736 2110 1770 inter

1150 1783 1283 1817 eosdem
1307 1797 1315 1818 ;
1343 1782 1505 1829 siquidem
1530 1783 1672 1830 fingitur
1696 1810 1706 1824 ,
1730 1783 1828 1832 quod
1853 1784 2002 1819 creditor
2025 1784 2110 1819 toti-

1148 1830 1224 1867 dem
1239 1857 1248 1871 ,
1274 1842 1363 1878 quot
1383 1830 1440 1864 fibi
1462 1830 1652 1871 debentur,
1679 1831 1738 1866 det
1760 1832 1894 1866 cambio
1919 1832 2026 1867 eidem
2048 1830 2107 1866 de-

1148 1878 1249 1913 bitori
1278 1891 1316 1912 ex
1339 1878 1496 1913 nundinis
1519 1891 1581 1925 pro
1606 1880 1728 1914 Genua
1755 1906 1766 1919 ,
1791 1882 1823 1914 &
1853 1880 1951 1927 quod
1973 1880 2109 1915 debitor

1149 1938 1188 1960 ex
1213 1926 1366 1972 pecuniis
1397 1927 1499 1972 huJ'us
1523 1927 1663 1961 secundi
1689 1928 1809 1966 cambii
1838 1926 1945 1963 solvat
1966 1928 2108 1974 primum

1147 1975 1314 2009 cambium
1332 2001 1341 2016 ,
1359 1976 1456 2021 quod
1478 1986 1555 2009 cum
1583 1975 1702 2010 eodem
1734 1976 1905 2010 creditore
1931 1986 2108 2010 contraxe-

1147 2034 1196 2056 rat
1223 2023 1359 2057 Genuae
1383 2034 1446 2069 pro
1467 2022 1622 2058 nundinis
1645 2050 1655 2065 ‚
1680 2022 1736 2058 sed
1759 2036 1820 2070 pro
1843 2023 1994 2058 secundo
2017 2035 2108 2058 cam-

1149 2071 1207 2105 bio
1221 2096 1231 2111 ‚
1255 2072 1287 2105 ὃς
1309 2071 1511 2105 εκῑιηᾶἰοηε
1534 2071 1630 2117 primi
1650 2098 1660 2112 ,
1683 2072 1706 2106 si
1731 2084 1810 2107 vere
1833 2071 1909 2107 haec
1928 2081 2108 2117 agerentur

1147 2130 1225 2152 curn
1249 2117 1376 2153 diversa
1399 2118 1538 2165 persona
1566 2145 1576 2160 ‚
1601 2120 1690 2154 nulla
1717 2120 1899 2155 deberetur
1924 2119 2072 2166 provisio
2097 2145 2109 2161 ‚

1148 2177 1231 2213 ergo
1259 2167 1363 2202 multo
1388 2167 1496 2200 minus
1519 2166 1661 2202 debetur
1683 2193 1693 2209 ,
1715 2168 1737 2201 fi
1759 2166 1836 2201 ficte
1859 2193 1868 2209 ‚
1890 2168 1969 2215 quia
1989 2167 2111 2203 minori

1149 2226 1225 2249 cum
1244 2215 1358 2250 labore
1380 2225 1558 2260 geruntur.

1197 2260 1275 2296 Nec
1297 2263 1428 2299 dicatur
1445 2289 1456 2304 ,
1480 2262 1578 2310 quod
1602 2262 1764 2298 solvendo
1784 2263 1840 2297 fibi
1862 2263 1921 2310 ipsi
1936 2290 1945 2305 ,
1965 2274 2111 2301 remanet

1149 2309 1181 2344 in
1203 2310 1357 2357 periculo
1378 2338 1388 2352 ,
1413 2322 1454 2345 ne
1480 2311 1618 2346 debitor
1632 2337 1643 2352 ‚
1665 2322 1742 2345 cum
1764 2322 1837 2358 quo
1865 2321 2006 2347 renovat
2023 2324 2112 2347 carn-

1149 2358 1240 2393 bium
1254 2386 1264 2400 ‚
1283 2359 1446 2394 efficiatur
1459 2359 1558 2405 inops
1572 2385 1582 2400 ,
1598 2360 1631 2393 &
1645 2370 1715 2394 non
1730 2358 1894 2394 solvendo
1912 2386 1921 2400 ‚
1937 2359 2026 2394 utin
2044 2359 2113 2396 sor-

1150 2406 1292 2441 tioribus
1315 2406 1461 2442 terminis
1485 2407 1775 2442 considerabamus
1796 2409 1883 2455 supr.
1902 2409 2112 2455 §.1.q.r.nu.

1149 2465 1229 2499 493.
1252 2455 1286 2491 (θ’
1297 2457 1392 2503 seqq.
1409 2454 1507 2502 quod
1527 2455 1714 2501 periculum
1737 2454 1874 2491 cessaret
1895 2482 1905 2498 ,
1929 2455 1951 2490 [ι
1970 2456 2014 2491 de
2032 2467 2115 2492 con-

1152 2504 1234 2537 tanti
1257 2503 1314 2536 sibi
1340 2514 1581 2537 numeraretur.

1202 2551 1298 2594 Quia
1314 2549 1501 2596 respondeo
1519 2578 1528 2590 ,
1545 2551 1642 2598 quod
1658 2551 1738 2588 huic
1753 2551 1850 2587 rifico
1865 2553 1931 2598 jam
1945 2552 2030 2587 illud
2047 2564 2117 2588 crea

1153 2598 1260 2634 ditum
1281 2600 1436 2646 exposuit
1453 2626 1462 2641 ,
1485 2599 1624 2646 quando
1642 2600 1672 2633 ei
1686 2599 1782 2635 dedit
1797 2601 1930 2635 cambio
1948 2601 1980 2635 in
1998 2600 2117 2636 civita-

1153 2656 1187 2681 te
1206 2647 1342 2682 Genuae
1364 2659 1426 2693 pro
1448 2647 1603 2681 nundinis
1627 2674 1637 2689 ,
1660 2649 1694 2682 dc
1712 2660 1827 2683 tamen
1849 2649 1970 2683 nullam
1993 2660 2033 2682 ex
2058 2650 2117 2685 illo

1153 2694 1250 2730 risico
1271 2706 1405 2741 poterat
1427 2697 1550 2730 habere
1570 2696 1807 2742 provisionem.

1201 2743 1333 2789 Opinio
1357 2743 1550 2777 affirmativa
1574 2769 1583 2784 ‚
1615 2745 1712 2791 qnod
1735 2744 1882 2789 provisio
1910 2744 1965 2778 fibi
1992 2744 2115 2779 debea-

1153 2799 1209 2824 tur
1223 2817 1231 2830 ,
1253 2789 1412 2826 suadetur
1429 2802 1468 2825 ex
1483 2803 1525 2825 eo
1539 2817 1549 2832 ,
1567 2791 1664 2838 quod
1681 2792 1829 2826 creditor
1842 2818 1852 2833 ,
1873 2791 2039 2827 solvendo
2055 2792 2114 2826 sibi

1152 2838 1210 2884 ipsi
1229 2840 1273 2875 de
1294 2840 1452 2874 mandato
1475 2839 1521 2874 sui
1545 2840 1707 2874 debitoris
1732 2865 1742 2880 ‚
1766 2840 1936 2875 contrahit
1967 2852 2036 2874 non
2059 2840 2115 2875 so-

1151 2886 1217 2922 lum
1241 2899 1302 2934 pro
1324 2887 1356 2921 se
1377 2886 1515 2933 proprio
1543 2888 1677 2922 nomine
1699 2914 1710 2929 ‚
1741 2887 1795 2921 led
1821 2888 1990 2922 contrahit
2012 2888 2112 2923 etiam

1151 2935 1392 2979 procuratorio
1415 2934 1553 2970 nomine
1576 2948 1637 2982 pro
1659 2936 1718 2970 suo
1743 2935 1922 2971 debitore:
1940 2937 2028 2971 Nam
2048 2936 2110 2971 de-

1149 2982 1240 3017 bitor
1263 2983 1343 3017 dum
1365 2983 1498 3017 mandat
1519 2983 1548 3017 ei
1568 3010 1578 3024 ‚
1599 2994 1637 3018 ut
1657 2983 1765 3018 solvat
1783 2983 1838 3017 sibi
1863 2983 1920 3029 ipsi
1934 3010 1943 3025 ‚
1965 2984 2108 3019 neeessa-

1148 3030 1198 3065 rio
1215 3031 1347 3065 mandat
1369 3029 1466 3064 etiam
1483 3056 1493 3071 ‚
1508 3041 1546 3066 ut
1565 3031 1700 3065 nomine
1720 3031 1818 3078 ipsius
1833 3031 1995 3067 debitoris
2015 3032 2108 3066 acci-

1147 3078 1215 3123 piat
1237 3079 1368 3113 cambio
1389 3079 1408 3111 a
1427 3077 1532 3125 seipso
1553 3105 1561 3119 ‚
1589 3089 1626 3113 ut
1648 3078 1725 3113 inde
1751 3079 1807 3113 fibi
1835 3078 1942 3114 solvat
1973 3091 1980 3114 τ
2007 3079 2062 3113 sed
2082 3079 2107 3113 fi

1146 3125 1279 3160 debitor
1309 3125 1476 3161 mandaret
1509 3127 1610 3160 alicui
1640 3127 1742 3162 tertio
1765 3153 1775 3168 ,
1808 3128 1905 3174 quod
1935 3126 2107 3173 acciperet

1147 3174 1280 3208 cambio
1302 3187 1363 3221 pro
1385 3172 1454 3219 ipso
1484 3173 1640 3213 debitore
1658 3200 1667 3215 ‚
1690 3176 1723 3210 ὃς
1746 3174 1887 3209 solveret
1908 3174 2068 3210 creditori
2092 3201 2103 3216 ,

1146 3220 1326 3257 deberetur
1346 3222 1426 3255 huic
1441 3221 1541 3256 tertio
1561 3222 1707 3268 provisio
1721 3249 1730 3264 ,
1746 3234 1816 3257 tum
1834 3223 1914 3269 quia
1929 3234 2106 3271 exequen-

1145 3268 1192 3303 do
1217 3270 1405 3304 mandatum
1430 3296 1439 3309 ‚
1467 3269 1523 3302 sibi
1545 3269 1730 3315 injunctum
1759 3297 1768 3310 ‚
1799 3270 1963 3305 laboraret
1987 3282 2000 3313 ;
2031 3281 2103 3305 tum

1145 3317 1225 3364 quia
1247 3345 1257 3359 ,
1285 3316 1485 3363 accipiendo
1514 3318 1648 3353 cambio
1674 3344 1682 3358 ,
1720 3329 1901 3353 remaneret
1932 3319 2103 3366 obligatus

1144 3365 1236 3399 danti
1252 3378 1258 3400 :
1276 3377 1359 3411 ergo
1379 3366 1494 3400 eadem
1515 3366 1662 3410 provifio
1678 3366 1822 3400 debetur
1836 3365 2020 3407 creditori,
2040 3366 2101 3414 qui

1143 3412 1267 3458 accipit
1291 3413 1421 3448 cambio
1446 3413 1466 3447 ἐι
1495 3410 1598 3459 seipso
1621 3439 1631 3453 ,
1661 3424 1697 3448 ut
1719 3413 1825 3448 solvat
1845 3414 1900 3447 fibi
1924 3413 1981 3460 ipsi
2004 3427 2018 3458 ;
2041 3417 2099 3449 sic-

1142 3471 1209 3506 que
1228 3460 1427 3497 confutatur
1443 3459 1674 3507 ratiopraeced.
1687 3464 1770 3510 opin.
1795 3461 1968 3508 negativae
1987 3462 2018 3496 in
2037 3474 2100 3509 po-

1141 3509 1258 3542 strema
1283 3519 1388 3554 parte.
1795 3536 1797 3538 -

1191 3556 1273 3589 Non
1295 3556 1403 3590 obslat
1420 3576 1442 3597 ‚=
1458 3555 1479 3587 si
1499 3555 1630 3590 diceres
1647 3581 1655 3597 ‚
1676 3555 1772 3603 quod
1800 3556 1883 3590 sicut
1908 3558 2099 3594 contra-stne

1141 3602 1407 3644 assecurationis,
1429 3602 1485 3636 seu
1502 3602 1721 3648 sidejussioms
1738 3604 1782 3637 est
1799 3603 1989 3649 prohibitus
2014 3606 2098 3641 inter

1142 3661 1367 3687 mutuatorem
1383 3678 1392 3693 ,
1413 3652 1446 3685 δι
1462 3652 1711 3692 mutuatarium,
1726 3653 1759 3686 ὅ(
1779 3652 1822 3685 fic
1841 3652 1923 3686 inter
1950 3652 2097 3688 credito-

1643 3699 1726 3733 Mm
1776 3711 1798 3740 4
2007 3712 2072 3735 rem
2089 3729 2097 3736 .

2167 734 2214 759 20
