2400 3939
312 1471 362 1499 ιμ’

311 2440 348 2471 41

301 2846 346 2874 4³-

814 216 833 243 c

386 234 399 263 J
424 234 434 262 1
456 233 481 261 ο
811 215 1113 288 „igzsiniindi
1132 220 1338 271 Scacciae
1371 224 1539 275 TraC’t.
1558 221 1618 275 de
1640 226 1903 280 Comiiicr.

386 292 417 322 δε
433 288 472 321 ad
491 288 572 322 lianc
587 283 795 329 solutionem,
811 276 911 338 quiim
926 290 1053 333 fecisset,
1065 295 1123 340 qui
1139 295 1254 330 ultimo
1266 308 1321 330 a<-

386 340 469 383 cepit
483 335 625 377 cambio,
636 349 671 373 tu
688 351 832 374 maneres
845 340 1007 389 obligatus
1029 368 1039 382 ‚
1054 346 1133 388 quia
1149 346 1259 378 omnia
1277 347 1328 378 in-

388 385 544 421 terusuria
560 384 632 421 sunt
647 385 774 422 causata
785 401 822 424 ex
837 401 893 425 tua
905 404 971 424 non
986 391 1157 431 solutione,
1171 393 1211 429 ad
1223 407 1326 440 quarn

390 436 549 470 tenebatis
561 460 570 474 ,
603 446 620 465 ³»
642 437 701 483 qui
715 437 841 473 causam
861 439 972 473 damni
1002 441 1056 474 dat
1070 467 1081 482 ‚
1097 442 1255 477 damnum
1270 442 1326 477 de-

360 527 363 529 ·
387 483 464 518 disse
476 485 602 519 videtur
618 500 630 518 .·
657 485 709 520 sed
719 489 797 532 quia
813 488 874 522 hoc
885 489 1068 535 exemplum
1085 490 1212 525 videtur
1227 490 1326 526 habe-

390 547 423 568 τε
440 535 590 568 duritiem
608 560 617 573 ,
640 540 671 570 &
686 535 758 569 ideo
776 535 936 572 discordat
954 538 972 571 ὲ
987 541 1088 584 praxi,
1105 553 1205 586 pono,
1220 552 1327 576 reten-

392 595 427 616 to
443 584 554 620 eedem
572 583 671 618 debiti
690 583 776 624 casu,
791 587 974 632 exemplum
993 587 1119 625 facilius
1133 614 1143 629 ‚
1170 591 1299 624 brevius
1315 616 1326 631 ,

390 636 423 666 &
443 634 532 679 praxi
549 645 729 680 congruum
745 647 753 668 :
783 648 847 682 ego
873 635 939 670 sum
955 638 1102 672 creditos
1113 639 1161 673 tui
1178 642 1210 673 in
1241 643 1322 676 scut.

396 694 468 715 100.
485 695 522 716 ex
534 681 625 716 causa
642 681 776 723 cambii,
794 697 830 719 ut
840 684 907 719 dixi
924 710 934 725 ,
960 691 991 719 ὅ(
1007 700 1083 721 cum
1098 685 1251 724 facultate
1264 714 1276 729 ,
1289 702 1325 724 ut

391 743 422 764 te
433 743 499 764 non
516 729 656 773 solvente
668 756 680 771 ,
706 732 821 779 poffim
833 734 967 771 eandem
997 734 1156 773 summam
1180 742 1324 785 accipere

390 780 431 813 ad
445 779 624 820 cambium,
650 784 681 814 &
699 781 896 818 recambiutn
918 809 928 823 ,
963 797 1076 820 eamve
1091 787 1215 822 trahere
1243 789 1276 822 in
1293 801 1323 822 te

389 827 493 873 ipsum
510 854 519 868 ,
533 829 636 864 donec
651 830 731 863 mihi
747 830 784 865 sit
812 831 1010 869 satisfastum
1027 849 1036 876 3
1061 839 1089 868 ck
1108 839 1185 883 quia
1201 849 1236 872 tu
1256 850 1322 872 non

390 876 484 913 solvis
498 904 507 917 ‚
529 891 590 926 ego
602 880 725 927 accipio
746 882 880 916 eandem
901 881 1059 919 summam
1083 884 1213 920 cambio
1231 886 1246 920 ὲ
1261 887 1322 920 Ti-

392 927 452 967 tio,
463 931 493 961 &
516 926 599 963 facio
613 928 732 963 litteras
744 931 860 965 cambii
880 957 890 971 ,
915 932 1034 979 quibus
1050 934 1170 969 mando
1186 935 1244 969 tibi
1260 961 1270 976 ,
1287 949 1322 970 ut

388 989 460 1011 eam
484 974 642 1012 summam
656 977 761 1013 solvas
779 979 834 1027 ipsi
852 982 942 1016 T-icio
957 996 969 1020 ,·
990 989 1017 1015 ὃ(
1039 985 1118 1030 quia
1131 996 1166 1019 tu
1180 998 1244 1019 non
1261 985 1322 1019 sol-

392 1028 438 1060 vis
455 1051 464 1066 ‚
482 1026 592 1060 litterae
606 1028 722 1061 cambii
738 1029 872 1064 redeunt
896 1043 970 1066 curn
986 1033 1226 1078 protestatione,
1241 1047 1323 1082 quas

390 1089 425 1109 ut
441 1076 559 1110 solvam
573 1101 583 1115 ,
609 1079 732 1122 accipio
746 1079 875 1112 cambio
888 1081 1023 1116 eandem
1051 1085 1199 1128 partitam
1219 1109 1228 1122 ,
1256 1097 1321 1119 una

390 1137 465 1159 cum
481 1125 622 1159 iuteresse
644 1125 761 1161 cambii
776 1141 784 1162 ε
800 1131 831 1162 &
846 1128 989 1164 similiter
1004 1130 1105 1166 scribo
1120 1132 1190 1172 tibi,
1211 1145 1247 1167 ut
1261 1132 1320 1167 sol-

393 1186 467 1214 vas,
480 1179 511 1208 &
529 1187 606 1220 quia
623 1189 686 1208 non
704 1174 797 1210 solvis
810 1203 821 1217 ,
833 1181 865 1211 δ(
881 1179 999 1214 litteras
1013 1181 1145 1216 redeunt
1159 1195 1234 1216 cum
1249 1195 1321 1228 pto-

391 1224 555 1257 testatione
571 1250 580 1262 ‚
610 1237 671 1272 ego
687 1227 845 1260 contraho
869 1241 990 1263 novum
1016 1229 1161 1265 debitum
1176 1231 1318 1270 cambii,

389 1284 424 1306 ut
452 1272 571 1307 solvam
588 1275 778 1320 praecedi-ns,
794 1283 823 1310 δι
844 1275 883 1310 lic
900 1278 1047 1325 deinceps
1062 1295 1068 1314 :
1084 1280 1148 1314 liaec
1164 1281 1318 1316 dicuntur

392 1322 553 1356 recambia
569 1348 579 1362 ,
596 1326 673 1371 quia
691 1326 722 1357 in
744 1327 788 1358 eis
804 1324 928 1362 lucrum
948 1353 958 1367 ,
978 1329 1026 1363 seu
1045 1329 1185 1364 interesse
1197 1330 1315 1365 cambii

386 1367 507 1417 semper
529 1375 728 1407 convertitur
747 1376 777 1408 in
796 1377 954 1420 capitale,
978 1379 1129 1426 augendo
1155 1381 1315 1415 creditum

385 1433 496 1454 contra
513 1422 650 1456 eundem
665 1423 855 1459 debitorem,

434 1471 598 1506 Secundus
615 1473 731 1507 modus
744 1476 807 1511 est,
837 1487 871 1508 ut
897 1487 972 1509 cum
997 1475 1123 1512 debitor
1146 1478 1313 1514 itterarum

381 1518 499 1553 cambii
515 1534 579 1553 non
596 1519 708 1561 solvat,
726 1523 892 1558 continuet
908 1524 1114 1565 recambrare,
1128 1530 1161 1561 &
1173 1527 1314 1563 cambia-

380 1581 412 1601 re
425 1582 499 1602 cum
521 1569 633 1618 eodem
661 1571 816 1606 creditore
834 1571 934 1620 usqua
958 1574 998 1608 ad
1015 1577 1175 1623 integram
1190 1576 1312 1613 satisfa-

379 1619 536 1658 ctionem,
549 1633 648 1666 quam
663 1623 942 1657 continuationem
961 1637 1152 1660 mercatores
1169 1639 1288 1662 vocant
1301 1654 1310 1667 ‚

379 1667 542 1701 cambium
560 1694 570 1708 ‚
595 1683 646 1702 con
671 1672 703 1703 la
715 1674 823 1719 ricorfit
839 1697 848 1711 ‚
867 1672 907 1706 de
919 1686 987 1719 quo
1001 1672 1104 1722 scripsi
1121 1676 1241 1725 q.fiqq.
1258 1691 1310 1713 nu.

382 1717 419 1759 85
448 1717 486 1752 Θ·
501 1733 520 1758 4
530 1718 561 1749 8.
578 1719 656 1764 verfi
667 1720 832 1760 cambium,
846 1723 973 1767 &infra
992 1729 1056 1765 §.6.
1070 1726 1173 1771 glofit.
1187 1739 1267 1762 num.
1277 1740 1306 1761 2.

376 1767 494 1813 &seqq
523 1767 682 1815 hujusque
695 1769 845 1804 recambii
867 1772 1050 1818 exemplum
1065 1799 1076 1812 ‚
1095 1775 1187 1821 quod
1217 1778 1310 1822 ponit

366 1818 566 1862 Joan.Azor.
581 1819 617 1850 de
631 1818 757 1862 institut.
775 1821 879 1855 moral.
894 1831 961 1867 par.
970 1822 1096 1866 3.lib.10
1108 1825 1198 1859 riade
1207 1825 1307 1861 camb.

373 1867 505 1911 capium
520 1867 615 1913 148.
632 1868 687 1901 est:
702 1879 735 1902 tu
752 1869 808 1903 das
824 1871 962 1917 Principi
977 1874 1128 1917 pecunias
1144 1876 1177 1908 in
1189 1872 1307 1921 Hispa-

376 1915 442 1952 nia,
464 1912 607 1950 soluturo
625 1929 678 1951 eas
692 1918 724 1951 in
740 1918 861 1966 Belgio5
877 1918 942 1957 sed,
964 1920 1061 1956 miffis
1080 1921 1193 1957 litteris
1216 1926 1307 1959 Ptin-

374 1965 454 2010 cipis
469 1965 500 1997 in
519 1965 665 2012 Belgium
683 1979 740 2012 pro
755 1966 915 2003 solutione
928 1995 936 2007 ‚
957 1969 1070 2006 litterae
1081 1985 1147 2007 non
1172 1971 1303 2009 solvun-

374 2023 425 2046 tur
439 2039 447 2051 ,
475 2016 506 2047 ὃ(
524 2013 596 2048 ideo
610 2028 646 2049 ex
663 2016 773 2064 Belgio
786 2020 996 2053 remittuntur
1015 2022 1124 2056 inanes
1142 2023 1174 2056 in
1190 2021 1306 2070 Hispa·

373 2063 459 2096 niam
474 2087 485 2101 ,
509 2061 564 2098 ubi
588 2077 757 2111 propterea
773 2068 925 2113 Princeps
956 2079 1090 2105 tenetur*
1110 2084 1162 2105 eas
1185 2070 1305 2108 solvere

372 2124 446 2145 cum
464 2111 556 2146 lucto
572 2113 688 2148 cambii
704 2140 715 2155 ,
734 2119 765 2149 &
781 2117 933 2152 recambii
948 2144 958 2156 ,
983 2120 1016 2152 in
1044 2132 1113 2167 quo
1127 2121 1305 2157 includitur

374 2159 499 2196 lucrum
516 2162 592 2196 lucri
609 2178 619 2196 .·
635 2163 723 2210 quod
740 2164 761 2199 fi
780 2167 929 2212 Princeps
942 2166 1134 2216 adhuconon
1150 2169 1252 2206 solitar
1269 2175 1303 2206 in

372 2208 538 2256 Hispania,
553 2211 680 2249 facient.
696 2227 817 2248 novum
831 2216 994 2251 cambium
1010 2231 1074 2252 tam
1088 2216 1191 2259 sortis,
1202 2234 1302 2269 quam

373 2259 550 2299 lucrorum,
569 2265 601 2296 δε
616 2261 657 2296 lic
670 2264 818 2311 deinceps
834 2265 1071 2303 reiterabuntur
1083 2269 1222 2310 cambia,
1240 2272 1249 2314 l
1271 2276 1304 2305 δε

373 2308 532 2344 recambia
548 2335 558 2348 ,
579 2310 682 2346 donec
699 2315 846 2360 Princeps
870 2316 1034 2364 integrum
1057 2318 1185 2354 solverit
1214 2319 1304 2355 debi-

375 2369 457 2393 tum.

419 2408 550 2442 Tertius
562 2409 679 2445 modus
694 2434 705 2449 ,
737 2409 785 2445 his
809 2411 936 2448 duobus
953 2412 1078 2451 facilior
1093 2441 1104 2457 ,
1129 2420 1161 2451 &
1177 2416 1305 2453 brevior

372 2458 413 2490 est
430 2483 439 2495 ‚
456 2470 489 2491 ut
506 2456 569 2491 five
593 2458 721 2494 formali
746 2461 949 2497 cambiorum
967 2489 977 2504 ‚
1003 2469 1036 2498 δε
1064 2467 1303 2503 recarnbiorum

370 2507 617 2541 continuatione
630 2509 769 2542 creditor
785 2534 794 2548 ‚
819 2513 875 2558 qni
893 2525 1000 2547 tamen
1017 2513 1055 2549 sit
1067 2513 1177 2551 solitus
1203 2530 1303 2565 nego-

374 2557 458 2594 tiari,
474 2559 504 2590 δε
521 2568 626 2590 tenere
646 2557 715 2591 suas
731 2563 879 2604 pecunias
894 2565 926 2595 in
943 2563 1078 2599 cambiis
1091 2591 1102 2605 ,
1129 2569 1162 2600 ὅ(
1178 2580 1302 2602 tecam-

374 2605 446 2644 bii‚·‚
459 2606 632 2640 constituat
648 2607 826 2642 debitorem
849 2613 882 2644 in
907 2625 997 2646 mora
1008 2639 1018 2651 ‚
1032 2626 1136 2660 eoque
1149 2617 1184 2650 in
1211 2630 1301 2652 mora

373 2656 568 2694 constituto,
583 2656 697 2691 doceat
712 2683 722 2695 ‚
745 2659 876 2694 extitisti:
898 2658 1018 2707 semper
1037 2676 1139 2698 certas
1159 2689 1170 2704 ,
1203 2669 1236 2700 δι
1268 2668 1302 2700 in

372 2716 524 2750 promptu
542 2705 724 2741 occasiones
737 2707 862 2748 dandi,
886 2713 919 2743 ὅ(
943 2712 1134 2758 accipiendi,
1148 2714 1190 2748 ad
1214 2729 1302 2750 catn-
1327 2724 1329 2726 “

370 2753 474 2791 bium,
498 2765 533 2788 ut
548 2755 589 2787 est
605 2755 822 2790 Genuenfium
842 2760 999 2803 praxis,de
1011 2774 1077 2808 qua
1095 2761 1200 2810 scripsi
1217 2767 1302 2801 infra

367 2805 937 2855 q.7par.2.ampl.8.nu.244.&'‘seqq.

423 2853 513 2886 Nota
527 2865 563 2886 ex
578 2852 628 2886 his
643 2853 745 2888 tribus
760 2856 864 2890 modis
881 2882 892 2896 ,
917 2859 1101 2893 recumbium
1125 2861 1189 2895 dici
1204 2861 1299 2902 illud,

366 2901 456 2946 quod
475 2900 508 2935 fit
523 2901 643 2948 semper
655 2901 747 2949 super
773 2906 887 2940 eodem
904 2906 1059 2947 debitore,
1079 2912 1300 2947 convertendo

365 2949 507 2986 interesse
525 2951 557 2984 in
572 2949 687 2987 sortem
705 2966 713 2988 ε
729 2957 762 2987 &
779 2967 843 2988 non
861 2955 939 2989 illud
959 2982 968 2996 ‚
988 2963 1081 3003 quod
1094 2972 1130 2993 ex
1144 2963 1298 3006 pecuniis,

365 3011 438 3033 vere
463 2999 574 3035 solutis
595 3000 612 3035 ὲ
639 3001 784 3037 debitore
800 3029 810 3043 ,
837 3004 872 3039 fit
895 3017 968 3040 cum
984 3007 1046 3041 alia
1063 3007 1194 3055 persona
1210 3036 1220 3049 ‚
1237 3009 1298 3045 sol-

365 3048 507 3084 vendum
532 3050 564 3083 in
582 3049 655 3085 loco
669 3077 679 3089 ‚
709 3050 764 3086 ubi
777 3051 883 3088 fuerat
897 3058 1101 3092 contractum
1117 3059 1297 3099 cambium,

364 3102 397 3132 ὃς
410 3111 544 3133 vocatur
557 3098 598 3133 de
611 3100 715 3135 reditu
729 3102 948 3138 nundinarum
972 3130 981 3144 ,
1013 3106 1060 3140 vel
1079 3109 1113 3142 in
1142 3108 1297 3143 nundinis

365 3149 510 3194 proxime
529 3147 647 3184 futuris
664 3175 674 3189 ‚
702 3154 735 3184 δι
765 3151 884 3186 dicitur
902 3166 1025 3189 novum
1054 3156 1218 3192 cambium
1239 3172 1298 3204 pro

362 3197 506 3232 nudinis.

413 3245 513 3281 Poffet
529 3248 624 3281 etiam
643 3245 850 3291 probabiliter
865 3250 1006 3287 dubitari
1023 3279 1034 3291 ,
1060 3253 1152 3300 quod
1173 3269 1298 3292 tecam-

362 3292 453 3329 bium
474 3296 600 3331 dicatur
617 3293 711 3336 illud,
727 3299 818 3344 quod
835 3298 929 3335 habet
950 3305 980 3335 in
995 3301 1023 3336 se
1036 3305 1293 3350 negotiationem

362 3343 493 3384 cambii,
510 3357 638 3391 nempe,
649 3357 724 3379 cum
740 3349 814 3394 quis
826 3349 911 3387 nulla
925 3350 986 3386 alia
1001 3351 1178 3393 occasione,
1192 3369 1293 3401 quam

364 3395 550 3440 negotiandi
567 3395 717 3439 pecunias
743 3397 799 3430 dat
812 3397 852 3431 ad
865 3399 1029 3435 cambium
1046 3415 1103 3447 pro
1116 3406 1269 3438 nundinis
1285 3431 1294 3444 ‚

359 3446 390 3473 ὀὶ
408 3441 531 3476 easdem
550 3444 700 3489 pecunias
712 3457 749 3479 ex
766 3447 921 3482 nundinis
936 3463 992 3494 pro
1007 3450 1071 3485 alio
1083 3451 1201 3490 leem&
1218 3468 1286 3487 tui·-

362 3489 409 3523 tius
426 3505 459 3525 τις
477 3492 533 3527 illo
545 3493 617 3527 loco
631 3506 689 3539 pto
705 3496 871 3530 nundinis.
884 3502 915 3531 8(
931 3498 970 3532 lic
985 3500 1134 3547 deinceps
1149 3527 1159 3540 ,
1175 3501 1291 3537 facien--

1384 297 1428 333 do
1440 298 1567 334 cambia
1581 324 1591 339 ,
1613 304 1645 334 δι
1671 301 1829 336 recumbis
1850 317 1858 338 ε
1872 303 1952 350 quia
1970 302 2024 338 ersi
2037 316 2131 343 vere,
2146 308 2178 338 Ee·
2194 303 2319 338 realiter

1383 346 1461 382 fiant
1477 351 1543 383 haec
1556 349 1697 390 cambia,
1713 355 1743 385 δι
1761 352 1922 388 recambia
1935 379 1945 391 ‚
1964 359 1991 385 ἀ
2014 366 2090 387 cum
2104 352 2236 389 diversis
2248 365 2319 400 per·

1382 395 1466 431 sonis
1482 412 1489 433 :
1514 410 1623 433 tamen
1637 413 1713 435 cum
1727 399 1780 435 illa
1795 400 1873 437 fiant
1886 401 1950 437 sine
1965 403 2086 437 intuitu
2102 431 2111 443 ,
2127 408 2158 439 &
2173 401 2238 437 fine
2263 415 2317 435 ne-

1379 445 1519 481 cessitate
1532 446 1663 483 alterius
1678 461 1874 489 mercaturae.
1888 452 1951 486 sive
1964 453 2242 499 negotiationi5,&
2256 453 2316 499 qui

1380 507 1417 529 ea
1431 495 1509 531 facit
1521 520 1532 536 ,
1550 510 1617 532 non
1640 497 1662 533 si
1675 496 1835 544 campsor,
1852 499 1903 536 seu
1919 514 2078 536 mercator
2093 528 2103 542 ‚
2127 504 2186 550 qui
2201 500 2318 536 habeat

1379 545 1422 578 ad
1435 547 1468 579 id
1485 546 1652 592 publicum
1677 561 1810 589 munus,
1825 548 1877 584 sed
1893 563 1930 585 ea
1945 550 2056 590 faciat,
2075 553 2122 586 uti
2147 553 2313 598 privatus:

1381 597 1495 642 utique
1510 592 1583 631 sunt
1599 599 1702 645 magis
1716 596 1870 644 suspecta,
1888 605 1918 634 ὅ(
1935 603 2038 648 magis
2051 599 2165 635 odiosa
2176 616 2188 635 .·
2201 604 2235 634 &
2253 600 2315 632 ho·-

1380 657 1454 678 rum
1471 644 1722 685 cambiorutm&
1736 647 1976 686 recumbiotum
1989 648 2098 685 casum
2111 649 2209 685 habes
2223 649 2312 698 q-seq.

1380 705 1496 727 numer.
1512 706 1567 737 5¹-
1585 697 1622 731 ὡ
1640 708 1696 740 52.
2283 712 2287 714 ’

1648 809 1910 822 -u———L--a-n-
2191 808 2313 825 μ

1598 869 2017 933 §.erAEsrto
2054 870 2102 909 v.

1549 976 2130 1012 ARG-UMENTUM.

1381 1071 1638 1114 Cambiorum
1658 1086 1816 1127 genera,
1841 1079 1879 1113 &
1895 1072 2004 1112 modi
2021 1085 2117 1126 quot
2134 1099 2146 1117 ,
2172 1079 2212 1114 δε
2227 1085 2312 1125 quat

1417 1130 1484 1168 fini
1503 1147 1510 1168 :
1532 1135 1589 1173 Aa
1608 1132 1813 1182 scriptura,
1834 1140 1869 1172 δι
1891 1135 2025 1170 litterae
2055 1129 2197 1171 sint-de
2230 1130 2314 1170 sub-

1416 1188 1549 1228 stantia
1581 1191 1722 1238 cambii
1746 1205 1754 1226 :
1781 1197 1890 1237 Quot
1915 1190 2042 1228 modis
2071 1192 2314 1240 concipiatur

1418 1247 1599 1298 scriptura
1621 1254 1656 1286 in
1679 1249 1876 1288 contractu
1905 1249 2049 1287 cambii
2077 1265 2085 1287 ε
2107 1248 2210 1302 Quae
2238 1247 2310 1286 fint

1412 1303 1582 1345 formuiae
1611 1308 1822 1345 litteratum
1846 1306 1999 1346 cambii.
2053 1306 2061 1316 ”

1678 1389 1998 1426 SuMMAR1A.

1375 1475 1494 1520 Divisio
1510 1472 1691 1510 cambiarum
1702 1477 1740 1515 eli
1753 1480 1913 1526 multiplex
1928 1505 1938 1518 ,
1971 1492 2053 1515 num.
2075 1493 2106 1515 ιι
2123 1478 2242 1525 Quaefit
2255 1485 2308 1512 nlt-
2327 1473 2329 1475 ¹

1412 1523 1479 1567 stra
1496 1524 1612 1569 attusia,
1629 1528 1666 1561 Θ·
1678 1539 1794 1562 numer.
1811 1542 1843 1564 z..
1860 1531 1898 1564 (17'
1905 1530 1989 1577 seqq.
2007 1530 2045 1566 ὠ
2061 1529 2306 1576 πηῑηο7ιΰ1ἷ99·

1423 1580 1459 1608 &⁴
1471 1586 1553 1607 num.
1577 1587 1589 1615 5
1600 1587 1628 1616 3.

1372 1622 1553 1656 Nundinale
1567 1623 1716 1658 cambium
1721 1626 1764 1669 fit
1776 1641 1814 1660 ex
1827 1628 1884 1661 loco
1900 1628 1942 1661 ad
1954 1629 2106 1664 nundinas
2123 1653 2132 1667 ‚
2151 1627 2188 1662 ὠ·
2210 1622 2304 1682 ἓιὶονι-
2352 1669 2355 1672 .

1419 1673 1514 1717 verso,
1529 1674 1565 1707 ὠ
1581 1686 1620 1706 ex
1633 1675 1775 1708 nundinis
1789 1678 1831 1710 ad
1843 1678 2008 1717 nundinas,
2021 1693 2052 1713 n.
2071 1685 2101 1712 6.

1372 1721 1532 1755 Canubium
1543 1732 1598 1768 per
1613 1725 1732 1757 litteras
1749 1728 1826 1772 quod
1839 1728 1873 1762 lit
1886 1753 1893 1764 ,
1911 1741 1940 1761 n.
1960 1739 2010 1761 io.
2275 1773 2294 1781 ..

1371 1773 1492 1804 Littera
1507 1775 1663 1804 contram
1674 1774 1785 1808 cambii
1800 1789 1857 1808 non
1864 1777 1935 1822 sunt
1950 1775 2164 1823 defiabstantt'a
2179 1770 2306 1812 cambit,

1415 1819 1467 1864 sub
1485 1822 1548 1854 eod.
1563 1835 1590 1854 n.
1611 1834 1658 1856 ιο.
1675 1823 1712 1857 &
1731 1837 1760 1859 n.
1777 1837 1824 1867 t3.

1368 1871 1526 1915 Scriptura
1539 1873 1571 1903 in
1581 1873 1734 1905 contram
1756 1873 1868 1907 cambii
1879 1873 1971 1920 potes}
1983 1875 2084 1907 variis
2095 1872 2194 1906 modis
2206 1871 2304 1906 conci-

1412 1921 1447 1964 pi
1465 1943 1474 1958 ‚
1495 1918 1550 1965 fitb
1564 1933 1592 1953 n.
1614 1922 1777 1970 11-&seqq.
1791 1925 1879 1969 usilue
1892 1925 1934 1956 ad
1948 1936 1998 1957 nu.
2019 1922 2236 1968 issfimlussve.

1365 1968 1697 2015 Instrumemifitrmule
1707 1983 1762 2017 pro
1773 1975 1927 2012 contrabit«
1943 1970 2055 2007 cambii
2067 1997 2079 2013 ,
2106 1983 2229 2006 numero
2247 1983 2300 2007 η.

1416 2020 1453 2053 ό*
1473 2029 1484 2051 ι
1497 2031 1531 2057 4.

1365 2067 1509 2114 Apodtfft
1521 2070 1648 2114 private
1657 2070 1792 2115 fhrmule
1802 2082 1855 2117 pro
1868 2072 2020 2105 contrariu
2034 2069 2159 2110 cambii,
2177 2079 2299 2104 numere

1421 2129 1429 2149 ι
1441 2129 1470 2159 5.
1484 2118 1521 2153 ά·
1529 2118 1611 2166 seqq.
1815 2171 1817 2174 ι
2119 2169 2125 2176 ι
2274 2167 2283 2175 ·

1365 2165 1524 2199 cambium
1538 2171 1686 2201 minutum
1701 2169 1778 2215 quod
1786 2171 1839 2213 stt,
1858 2182 1888 2202 n.
1899 2182 1906 2201 1
1918 2183 1936 2211 9
1952 2168 2124 2217 &28221
2137 2165 2176 2200 de
2185 2166 2297 2213 cosera-

1411 2215 1626 2261 pferint,n.21.
1640 2221 1709 2251 Fuit
1721 2219 1813 2265 ipfism
1821 2218 1916 2262 fhlum
1928 2221 1959 2252 in
1971 2217 2024 2268 usu
2037 2219 2119 2264 apud
2133 2219 2297 2264 antiquos-‚³

1415 2267 1451 2300 (ῥ’
1464 2264 1570 2299 habuit
1586 2268 1730 2313 originem
1745 2268 1782 2300 ab
1798 2270 1894 2305 initio,
1908 2281 1962 2314 quo
1977 2270 2043 2313 fuit
2058 2277 2184 2300 inventa
2195 2277 2298 2299 mone-

1413 2325 1458 2351 ta,
1473 2327 1503 2351 n.
1512 2327 1526 2348 2
1535 2328 1566 2349 2.
1580 2318 1708 2350 Dicitur
1711 2318 1775 2362 fine
1790 2319 1912 2354 litteris,
1925 2319 1962 2352 ὠ·
1977 2318 2069 2355 reale,
2083 2318 2120 2351 Θ*
2137 2327 2231 2363 qnare
2241 2327 2296 2348 ve-

1413 2374 1495 2397 cetur
1506 2367 1668 2404 minutum,
1683 2379 1736 2401 n.2
1747 2379 1774 2409 3.
1791 2366 1843 2408 Est
1854 2367 1946 2399 valde
1962 2368 2034 2400 utile
2050 2368 2134 2411 Reip.
2153 2375 2295 2406 num-31.
2343 2371 2346 2375 '

1412 2415 1627 2447 Interveniunt.
1644 2417 1675 2447 in
1687 2428 1718 2447 eo
1726 2416 1844 2462 perfime
1856 2428 1940 2454 vere,
1955 2418 1992 2452 &⁴
2004 2417 2127 2449 realiter
2141 2438 2152 2452 ‚
2175 2425 2292 2448 numer.

1417 2474 1471 2506 32.
1491 2466 1531 2496 Et
1547 2466 1578 2496 in
1593 2463 1701 2510 quibus
1726 2467 1884 2498 conveniat
1896 2478 1962 2498 cum
1976 2465 2090 2509 cambio
2104 2474 2158 2510 per
2173 2464 2294 2496 litteras

1410 2525 1465 2544 non
1481 2514 1654 2552 nundinali,
1661 2512 1718 2559 sub
1733 2527 1817 2548 num.
1841 2528 1854 2546 ι.
1863 2527 1895 2556 9.
1922 2515 1959 2551 (ῥ’
1975 2516 2058 2567 seqq.
2075 2515 2112 2548 ὠ·
2137 2515 2169 2546 in
2183 2509 2294 2560 quibus

1409 2560 1529 2606 differat
1541 2575 1570 2594 n.
1592 2576 1602 2600 i
1616 2576 1651 2604 ς.
1665 2563 1702 2598 &⁶
1709 2564 1790 2610 seqq.
2023 2578 2026 2581 ’

1360 2613 1489 2644 Minati
1505 2609 1617 2654 cambit
1626 2614 1764 2658 exempla
1774 2637 1783 2652 ,
1810 2626 1893 2647 num.
1914 2625 1931 2646 2
1939 2626 1967 2657 ς.
1980 2610 2104 2658 ὥρῃ.

1361 2661 1536 2694 Numerare
1551 2663 1583 2693 in
1602 2661 1715 2694 cambio
1729 2666 1842 2695 minuto
1862 2666 1931 2710 quis
1937 2665 2025 2710 prius
2034 2663 2142 2704 debeat
2157 2687 2168 2704 ,
2182 2676 2214 2699 n.
2233 2675 2289 2698 ιο.

1361 2709 1551 2744 Bamheroni
1562 2713 1615 2756 qui
1625 2711 1767 2744 dicantur
1781 2737 1791 2751 ,
1816 2725 1845 2745 n.
1868 2726 1921 2753 24.

1360 2758 1518 2792 cambium
1529 2771 1584 2792 non
1597 2760 1760 2794 nundinale
1767 2774 1821 2807 per
1835 2763 1954 2796 litteras
1965 2786 1975 2799 ,
1998 2761 2036 2797 ὦ*
2055 2760 2208 2796 cambium
2229 2761 2291 2794 mi-
2342 2804 2345 2810 Ι

1407 2819 1513 2841 nutum
1528 2811 1704 2842 conveniunt
1716 2813 1748 2842 in
1759 2812 1875 2849 multis,
1887 2810 1944 2857 fiab
1955 2823 1985 2843 n.
2002 2811 2164 2859 29.&fiqq
2178 2813 2292 2846 Umm-

1407 2870 1462 2904 que
1474 2857 1512 2901 est
1524 2870 1644 2896 verum,
1658 2860 1739 2892 reale
1753 2885 1762 2897 ‚
1767 2859 1894 2904 justum,
1911 2860 2086 2898 (elicitum,
2098 2873 2129 2894 n.
2149 2873 2198 2904 ³⁰·
2216 2858 2289 2904 Est-

1406 2920 1462 2952 que
1476 2910 1558 2953 Reip.
1572 2908 1770 2952 nneffiurium,
1785 2911 1820 2944 (ῥ’
1835 2913 1907 2942 utile
1921 2933 1932 2948 ‚
1949 2921 2066 2944 numer.
2086 2920 2140 2952 3¹·
2158 2912 2201 2942 Et
2213 2911 2246 2942 in
2255 2920 2289 2942 eo

1404 2960 1607 2990 interveniunt
1614 2958 1737 3003 persone
1748 2960 1872 2991 realiter
1886 2984 1895 2997 ‚
1910 2971 1994 2994 num.
2019 2971 2066 3000 3²·
2085 2957 2241 3004 Differam
2253 2961 2288 2991 in

1403 3005 1566 3052 aliquibus,
1578 3019 1656 3039 num.
1669 3019 1680 3046 3
1693 3008 1840 3055 3.&seqq.
1860 3011 1896 3042 In
1908 3007 2021 3041 cambio
2032 3019 2086 3054 per
2099 3009 2220 3042 litteras
2231 3019 2288 3040 non

1404 3057 1564 3088 nundinali
1572 3056 1673 3100 plures
1688 3058 1892 3090 interveniunt
1901 3058 2036 3103 persone,
2049 3070 2132 3093 num.
2140 3069 2154 3100 3
2162 3069 2193 3102 5.
2210 3059 2288 3091 Hu-

1398 3106 1452 3148 jus
1462 3104 1573 3138 cambii
1586 3106 1722 3152 exempla
1738 3130 1748 3144 ‚
1761 3119 1790 3139 n.
1800 3107 1966 3153 36·&fiqq-

1357 3155 1544 3186 Litterarum
1559 3153 1670 3187 cambii
1681 3167 1735 3187 non
1749 3157 1925 3188 nundinalis
1931 3157 2080 3200 formula,
2093 3167 2207 3189 numer.
2223 3166 2296 3195 4⁰0

1405 3205 1440 3238 ei·
1447 3203 1530 3250 fiqq.
1545 3205 1583 3239 (ῥ’
1597 3215 1640 3244 44
1649 3228 1658 3236 .
2200 3254 2206 3261 .

1357 3254 1477 3284 Dilatio
1494 3254 1537 3286 ad
1544 3252 1720 3299 solvendum
1731 3253 1822 3298 potest
1844 3253 1916 3287 dari
1940 3256 2035 3288 etiam
2048 3255 2081 3287 in
2106 3251 2286 3300 cambtoper·

1400 3303 1520 3334 litteras
1531 3317 1586 3336 non
1600 3301 1773 3341 nundinali,
1786 3316 1895 3341 mam.4
1905 3316 1917 3346 3
1926 3330 1933 3336 .

1354 3350 1511 3385 Cambium
1528 3351 1701 3387 nundinale,
1715 3352 1752 3386 (ΞΤ
1764 3351 1914 3385 cambium
1928 3365 1985 3386 non
1993 3350 2159 3385 nundinale
2169 3351 2202 3385 t'n
2213 3363 2288 3399 qnos

1404 3402 1441 3437 ώ-
1454 3401 1561 3448 quibus
1572 3402 1761 3439 conveniant,
1778 3415 1807 3434 n,
1826 3416 1846 3442 4
1861 3418 1866 3437 ε
1880 3429 1886 3435 .
1906 3404 1948 3435 Et
1960 3404 1991 3439 in
2001 3414 2057 3449 quo
2074 3398 2228 3446 differant,
2240 3409 2282 3435 ηε

1354 3463 1372 3488 4
1383 3455 1412 3484 6,
1432 3447 1742 3484 Cambii‘nundinalis
1755 3448 1850 3496 casus,
1864 3463 1894 3485 n.
1908 3464 1926 3491 4
1937 3464 1966 3490 7.
1981 3452 2018 3486 (ῥ’
2037 3446 2118 3497 seqq.
2143 3452 2284 3498 Quando

1351 3499 1402 3533 hoc
1412 3499 1562 3534 cambium
1591 3501 1712 3535 dicatur
1734 3499 1807 3543 fieri
1816 3501 1926 3545 suimet
1952 3502 2060 3546 gratia
2078 3523 2088 3538 ,
2111 3498 2232 3545 ideoque
2242 3498 2286 3542 fit

2196 3559 2287 3592 nego-
