2400 3939
767 226 817 291 ς’.
861 220 936 279 Il.
977 219 1158 280 Gloff.
1204 218 1414 277 VIII.

104 315 148 350 de
159 315 313 350 contrafs.
326 311 447 362 disput.
466 325 544 360 302.
557 315 670 361 versic.
688 315 760 349 dixi
775 316 886 362 supra,
903 314 963 347 col.
983 325 1061 346 222.

107 363 142 397 ἀ
155 362 291 398 videtur
311 363 513 396 communis.

156 411 252 458 Ergo
269 409 428 456 exceptio
446 421 513 444 non
538 422 723 446 numeratae
744 408 902 456 pecuniae
920 421 988 443 non
1006 408 1062 441 lia-

106 458 166 493 bet
192 459 306 492 locum
324 458 355 490 in
373 458 551 492 contrado
567 459 701 492 cambii.

152 505 362 552 Respondeo
385 505 466 539 huic
480 506 687 551 oppofitioni
705 503 899 549 dupliciter.
928 502 1060 544 Primo,

104 552 204 601 quod
221 552 414 588 contrastus
433 553 554 587 cambii
572 554 670 588 habet
691 552 876 587 admixtum
890 562 1059 591 mutuum,

103 612 146 635 ut
165 601 266 636 retuli
287 603 320 647 ξ.
341 601 481 648 praeced.
511 613 540 647 q.
559 613 590 648 5.
607 602 672 649 sub
690 613 776 635 num.
800 612 827 634 ι.
854 611 937 647 ergo
958 598 1060 633 celsat

106 659 355 695 argumentum.
388 648 551 697 Secundo
577 649 766 696 respondeo
785 675 795 687 ,
822 648 920 695 quod
938 659 1062 693 excep-

106 697 158 733 tio
183 709 252 732 non
273 707 456 733 numeratae
477 698 635 743 pecuniae
656 708 724 732 non
737 696 838 730 datur
859 695 1060 735 contraditi,

108 745 166 780 sed
186 744 285 780 datur
296 745 342 779 rei
362 756 444 792 quae
466 746 503 779 fit
522 744 710 785 mutabilis,
727 744 762 778 &
779 744 823 779 fic
840 745 907 778 five
929 743 966 777 sit
979 755 1061 777 con-

106 793 232 828 trastus
254 792 364 828 mutui
379 819 388 832 ,
413 792 481 827 five
503 792 542 828 fit
567 794 650 830 alius
664 792 876 832 contrastus,
908 790 1063 825 dummo-

106 840 155 875 do
181 852 302 887 agatur
333 841 378 875 de
400 852 436 874 re
460 841 613 876 mutabili
634 868 642 880 .
679 840 780 874 datur
809 849 968 885 exceptio
996 850 1063 872 non

105 899 292 925 numeratae
317 887 500 935 pecuniae,
528 888 714 936 aliquando
737 899 846 922 tamen
866 889 966 923 datur
991 883 1061 931 spe-

105 935 237 971 cialiter
257 936 448 971 contraftui
468 938 601 979 mutui,
630 938 664 971 δε
688 935 799 977 dotis,
827 946 932 981 prout
955 943 1063 968 totam

104 984 193 1020 hanc
206 983 451 1031 responsionem
474 985 575 1019 latius
598 984 795 1032 explicatam
808 984 908 1018 habes
926 994 985 1030 per
1007 984 1063 1015 Sa-

105 1032 170 1077 lyc.
185 1035 218 1067 in
233 1033 257 1067 l.
273 1035 306 1066 in
321 1033 538 1068 contraffibus
554 1061 563 1076 ‚
587 1047 617 1068 n.
636 1046 667 1068 2.
690 1036 726 1069 C.
745 1032 787 1066 de
806 1044 866 1066 non
881 1044 968 1067 num.
991 1040 1062 1077 pec.

106 1082 142 1116 &
165 1079 211 1115 ita
233 1081 338 1116 video
359 1079 479 1116 servari
505 1082 536 1116 in
555 1082 660 1128 praxi.

152 1128 304 1164 Retenta
330 1129 501 1164 communi
526 1132 658 1177 regula.

155 1177 294 1223 Amplia
318 1176 427 1224 primo
457 1177 596 1212 eandem
629 1177 803 1225 regulam,
836 1185 876 1209 ut
899 1176 1065 1221 procedat

107 1224 207 1260 etiam
231 1225 252 1258 fi
278 1236 354 1259 reus
371 1225 405 1258 in
420 1224 491 1271 ipso
509 1227 706 1266 contractu,
736 1237 808 1273 quo
824 1223 992 1258 confessus
1005 1225 1063 1265 est,

107 1273 142 1307 se
173 1271 336 1320 recepisse
376 1273 554 1320 pecuniam
581 1301 590 1314 ,
628 1272 843 1308 renuntiasset
870 1272 1064 1318 exceptioni

107 1332 176 1357 non
212 1332 398 1356 numeratae
425 1323 584 1367 pecuniae
601 1349 612 1362 ,
651 1323 734 1370 quia
769 1322 828 1354 ista
862 1322 1066 1355 renunt-atio

107 1382 176 1404 non
204 1380 319 1410 tenet,
350 1381 428 1404 cum
455 1381 532 1403 reus
557 1370 682 1404 eaderriv
701 1369 883 1408 facilitate,
909 1379 978 1414 qua
1008 1369 1066 1403 sub

108 1416 166 1465 spe
195 1416 324 1453 futurae
342 1417 585 1453 numerationis
605 1419 820 1465 praesumitur
844 1416 1001 1451 inductus
1024 1418 1065 1451 ad

55 1509 58 1512 Δ
109 1465 363 1506 confitendum,
392 1465 427 1500 se
449 1465 620 1508 habuisse,
655 1468 688 1501 ὃς
718 1464 904 1512 recepisse,
939 1464 1066 1510 praesu-

109 1525 220 1549 matur
242 1513 396 1550 inductus
421 1515 520 1549 etiarn
545 1514 588 1548 ad
613 1515 870 1548 renuntiandum
896 1514 976 1546 hnic
1010 1525 1066 1548 ex-

108 1562 264 1609 ceptioni
278 1588 287 1603 ,
318 1564 394 1608 Cyn.
408 1565 441 1595 in
459 1562 519 1606 Lst
534 1576 574 1597 ex
588 1566 736 1596 cautione
751 1588 761 1602 ‚
779 1575 808 1609 q.
822 1561 923 1608 2.sub
936 1574 967 1594 n.
984 1572 1012 1606 ς.
1031 1564 1065 1595 C.

108 1611 152 1645 de
171 1622 231 1645 non
247 1623 334 1654 num.
349 1622 460 1657 pet-un.
479 1611 512 1645 &
528 1610 595 1644 else
617 1622 829 1645 communem
855 1610 1064 1655 opinionem,

109 1657 262 1706 sequitur
287 1659 385 1693 Alex.
405 1658 440 1692 d.
455 1658 560 1705 confil.
583 1671 659 1705 ¹79·
683 1672 714 1692 n.
735 1658 890 1704 3.vcrfic.
913 1657 946 1693 ά*
965 1658 1042 1692 licet
1056 1684 1066 1699 ,

110 1707 169 1742 lib.
182 1719 214 1741 2.
229 1707 264 1741 δε
276 1705 342 1740 esse
358 1707 460 1753 magis
481 1718 696 1742 communem
721 1707 860 1742 testatur
873 1731 883 1746 ‚
907 1707 941 1739 δ(
963 1704 1068 1753 sequi-

109 1765 167 1790 tur
183 1759 304 1790 Covar.
320 1766 397 1788 var.
411 1756 506 1801 rqsbl.
531 1755 589 1789 lib.
608 1768 638 1788 2.
660 1767 732 1802 cap.
755 1767 788 1795 4.
797 1754 862 1800 fiib
884 1766 914 1787 n.
933 1766 962 1799 3.
989 1755 1068 1789 licet

109 1802 315 1838 contrarium
345 1814 404 1849 per
437 1803 547 1850 legem
569 1803 713 1849 Regiam
730 1829 739 1844 ,
766 1814 869 1850 quarn
893 1802 1003 1843 citat,
1031 1802 1069 1837 fit

106 1851 289 1891 statutum,
317 1851 351 1885 δε
377 1851 422 1885 ibi
443 1852 604 1886 servetur.

157 1898 339 1946 Restringe
367 1899 453 1934 hanc
478 1899 728 1945 ampliationem
744 1924 753 1938 ,
796 1906 836 1932 ut
852 1896 925 1931 'non
946 1910 1068 1944 proce-

88 1947 166 1982 ‘dat
188 1948 221 1982 in
247 1947 515 1988 renuntiatione,
545 1947 628 1982 fasta
649 1959 689 1981 ex
721 1946 899 1981 intervallo
916 1972 925 1986 ,
955 1949 1068 1994 quiea

107 1997 279 2029 communi
302 1996 451 2030 omnium
473 1995 633 2031 consensu
652 1994 759 2028 valida
783 1993 963 2036 censetur,
987 2007 1070 2031 tunc

107 2044 193 2078 enirn
217 2056 287 2079 non
313 2045 405 2078 adest
436 2044 490 2077 illa
523 2044 639 2078 eadem
665 2042 808 2077 facilitas
847 2043 1070 2077 renuntiantis

105 2092 215 2126 statim
239 2092 273 2125 in
295 2093 474 2133 cautione,
499 2092 662 2138 fiquidem
686 2102 816 2124 mature
831 2090 864 2124 id
882 2090 1070 2126 deliberare

107 2140 283 2186 potuerit:
314 2140 411 2187 quod
432 2152 500 2174 non
520 2140 635 2175 itidem
651 2139 843 2185 contingit,
871 2139 928 2172 ubi
951 2140 1066 2174 eadem

106 2187 270 2223 facilitate
285 2213 295 2229 ‚
319 2201 387 2236 qua
407 2187 612 2229 confitetur,
644 2187 820 2233 pecuniam
846 2187 904 2221 sibi
920 2200 1070 2222 numera-

107 2246 175 2272 tam
196 2235 294 2271 fuisse
320 2237 515 2282 exceptioni
534 2249 604 2271 non
630 2245 817 2270 numeratae
843 2236 1002 2281 pecuniae
1020 2248 1072 2270 re.

105 2284 260 2325 nuntiat,
290 2287 408 2319 Covar.
437 2285 472 2321 d.
493 2295 566 2332 cap.
585 2296 620 2326 4.
640 2284 706 2331 sub
722 2296 753 2317 n.
769 2296 798 2328 3.
823 2283 935 2327 versic.
957 2285 1070 2329 rurfits

108 2333 144 2370 Θ
165 2333 252 2375 haec,
283 2333 339 2367 sed
355 2345 422 2380 ego
437 2333 559 2366 clarius
579 2332 725 2367 dicerem
741 2358 751 2372 ,
779 2331 860 2378 quia
884 2333 1067 2379 continge-

107 2393 144 2415 re
167 2381 251 2417 solet
268 2407 277 2422 ,
305 2392 345 2415 ut
375 2384 426 2423 is,
449 2381 468 2415 a
492 2392 566 2428 quo
592 2391 746 2416 mutuum
772 2379 918 2426 petimus
938 2406 946 2420 ‚
982 2391 1067 2416 tunc

106 2428 304 2476 praesentem
337 2441 406 2464 non
440 2429 563 2463 habeat
590 2427 768 2475 pecuniam
795 2453 805 2468 ‚
842 2427 875 2461 δε
906 2429 1068 2462 convenit

106 2477 196 2513 inter
224 2479 335 2512 bonos
357 2478 448 2512 viros
474 2488 512 2512 ut
537 2477 584 2511 illi
606 2475 819 2522 promittenti
845 2475 918 2511 cito
949 2487 1066 2510 nurne-

106 2525 270 2561 tationem
297 2551 307 2566 ‚
347 2525 527 2561 credamus
547 2552 556 2567 ‚
588 2525 741 2570 ideoque
766 2535 833 2558 non
871 2523 1068 2559 omittamus

106 2583 191 2609 tunc
209 2574 322 2608 facere
344 2574 374 2608 ei
401 2584 588 2620 promptam
613 2573 808 2608 cautionem
836 2598 845 2612 ,
877 2571 978 2606 etiam
1002 2584 1066 2607 nu-

106 2632 244 2657 meratae
260 2622 437 2668 pecuniae,
469 2622 515 2656 sic
541 2622 654 2657 habita
678 2620 766 2661 fide,
796 2620 879 2654 alias
904 2620 927 2653 fi
948 2632 1068 2654 renua-

105 2682 180 2705 mus
200 2670 321 2711 fateri,
351 2672 383 2705 ὃ(
403 2669 594 2705 renuntiare
607 2696 616 2710 ‚
645 2668 837 2704 videremur
856 2668 885 2703 ei
908 2679 974 2703 non
995 2680 1068 2703 cre-

105 2718 212 2759 dere,
242 2719 359 2765 sicque
386 2718 416 2752 ei
445 2717 538 2766 quasi
563 2717 717 2765 injuriam
754 2716 887 2756 facere,
921 2716 1069 2763 indeque

104 2766 195 2813 juste
221 2766 338 2801 timere
357 2765 528 2813 possemus
547 2777 589 2800 ne
610 2765 805 2811 indignatus
829 2763 1017 2799 discederet
1048 2765 1067 2799 τὶ

104 2815 282 2863 propofito
300 2814 500 2853 mutuandi,
525 2817 607 2862 quae
622 2814 733 2850 omnia
751 2812 877 2863 cessant
896 2813 929 2847 in
946 2825 1067 2847 renun-

102 2860 248 2900 tia'tione
267 2875 308 2898 ex
331 2863 510 2898 intervallo
534 2863 616 2910 quia
634 2873 697 2896 nec
714 2861 891 2908 quisquam
917 2860 964 2894 cst
978 2861 1066 2896 adeo

103 2911 280 2958 impudens
296 2938 306 2952 ‚
341 2923 379 2947 ut
404 2910 561 2946 habuerit
579 2909 836 2952 ,conse-{sionem
859 2911 991 2948 mutui,
1031 2916 1062 2944 oc

103 2971 173 2995 non
195 2959 417 3000 mutuaverit,
449 2960 482 2994 &
506 2959 649 2994 ulterius
672 2967 806 3005 quaerat
830 2968 869 2991 ex
887 2957 1064 2993 intervallo

103 3007 388 3043 renuntiationem
421 3007 630 3054 exceptionis
657 3018 724 3041 non
750 3016 933 3040 numeratae
955 3017 1062 3051 pecu-

103 3056 192 3097 niae,
216 3067 281 3091 nec
301 3055 424 3104 aliquis
446 3055 493 3091 est
519 3055 564 3090 ita
586 3054 728 3090 stolidus
743 3079 752 3091 ,
781 3063 819 3087 ut
846 3064 1002 3099 expertus
1022 3053 1063 3087 fi-

102 3103 180 3139 dem
202 3104 312 3144 illius,
348 3105 437 3139 lianc
463 3103 589 3139 faceret
616 3101 901 3137 renuntiationem
924 3128 933 3142 ,
960 3101 982 3135 fi
1005 3113 1062 3147 pe-

102 3152 201 3188 cunia
223 3164 301 3187 vere
323 3151 382 3186 fibi
402 3163 575 3187 numerata
601 3162 669 3185 non
692 3148 822 3189 fuilset,
846 3150 879 3184 &
900 3160 979 3184 cum
998 3149 1061 3185 hac

101 3200 336 3247 ampliatione,
357 3201 390 3236 δι
406 3199 613 3236 restrictione
638 3198 853 3233 concordant
874 3208 955 3245 quae
982 3197 1060 3233 scri-

101 3249 153 3285 bit
177 3250 298 3285 Molin.
316 3248 359 3283 de
371 3249 446 3294 just.
465 3259 540 3285 tom.
552 3260 583 3281 2.
602 3247 643 3281 de
668 3245 822 3280 comma.
847 3245 966 3294 disput.
979 3258 1058 3292 302.

102 3298 146 3332 de
162 3297 203 3336 (ic
217 3308 342 3338 utrum,
364 3297 425 3332 col.
440 3309 519 3330 222.

69 3359 94 3390 4
151 3345 289 3391 Amplia
312 3345 488 3385 secundo,
528 3352 568 3377 ut
594 3342 716 3377 habeat
739 3340 880 3380 locum,
910 3342 1009 3376 etiam
1035 3343 1058 3376 fi

103 3404 180 3428 reus
217 3393 252 3428 se
275 3393 481 3440 obligaverit
507 3403 566 3438 per
605 3390 860 3424 instrumentum
889 3388 923 3423 in
949 3389 1059 3425 forma

101 3442 351 3489 guarantigiae,
377 3441 459 3489 quia
479 3438 698 3475 nihilominus
724 3436 854 3484 poterit
881 3449 1059 3484 opponere

100 3490 336 3537 exceptionem
374 3501 442 3524 non
471 3495 658 3522 numerata:
692 3485 852 3532 pecuniae
871 3510 880 3525 ‚
919 3486 1057 3521 Mohed.

99 3538 173 3573 dec.
194 3549 226 3583 3.
244 3539 335 3572 alias
353 3538 410 3573 80.
439 3539 581 3574 Ioannes
599 3534 664 3582 snb
691 3546 776 3568 num.
801 3545 828 3566 ι.
855 3532 889 3569 ό
907 3533 1057 3570 2.deex-

99 3595 184 3631 cept·
202 3585 238 3622 (θ’
259 3586 379 3621 Molin.
399 3583 434 3621 d.
455 3586 576 3634 disput.
595 3594 679 3630 302.
702 3580 815 3626 versic.
841 3579 976 3615 dubium
989 3583 1052 3626 est,

97 3633 162 3669 col.
176 3645 254 3676 2²4·

18 3713 19 3727 ἶ
70 3704 89 3741 5
147 3679 274 3716 Limita
294 3681 403 3728 primo
420 3681 557 3717 eandem
579 3677 727 3726 regulam
741 3703 750 3719 ,
776 3686 816 3711 ut
839 3688 907 3711 non
931 3688 1053 3723 proce÷

18 3746 19 3749 ¹
103 3729 160 3766 dat
177 3755 188 3771 ,
218 3730 360 3779 quando
384 3729 584 3777 campsarius
599 3755 608 3769 ,
640 3724 723 3760 idest
743 3751 753 3766 .
779 3724 940 3766 debitor,
970 3736 1054 3760 con-

1112 310 1213 347 fessus
1237 310 1317 346 esset
1345 311 1376 344 in
1405 311 1508 345 literis
1528 309 1645 344 cambii
1671 312 1934 354 numerationem
1963 321 2071 357 pecu-

1112 360 1197 399 niae,
1229 360 1286 392 vel
1306 359 1419 392 saltem
1444 372 1511 394 non
1542 359 1746 397 difficatur,
1775 360 1854 406 qnia
1889 371 1970 392 tunc
2002 370 2070 392 non

1113 406 1222 453 posset
1251 419 1428 454 opponere
1445 407 1678 453 exceptionem
1707 419 1774 440 non
1803 418 1986 440 numerata?
2010 418 2070 451 pe-

1115 455 1228 488 cuniae
1246 481 1255 495 ,
1279 455 1382 490 Bald.
1402 455 1506 498 consil.
1529 467 1604 498 ¹90·
1620 455 1683 487 afr.
1701 456 1730 486 6.
1748 467 1853 501 princ.
1867 466 1886 487 a:
1914 466 1965 499 53.
1981 458 2012 486 in
2029 453 2069 498 fi.

1113 501 1302 550 verfinsed
1312 501 1402 550 finge
1418 504 1613 550 campsorem
1627 528 1635 541 ,
1653 502 1719 549 fol.
1744 502 1820 546 587.

1162 550 1308 585 Declara
1327 575 1336 589 ,
1367 550 1567 595 explicando
1603 550 1737 583 uberius
1771 552 1855 584 lime
1897 540 2107 582 limitatio-6

1115 609 1189 632 nem
1206 624 1216 635 ,
1243 608 1280 631 ut
1307 599 1338 630 in
1363 598 1503 631 civitate
1519 600 1655 633 Genua:
1683 608 1722 630 ex
1743 597 1913 631 communi
1949 607 2072 628 merca-

1117 655 1230 680 torum
1266 645 1475 680 observantia
1513 645 1711 692 campsarius
1739 645 1871 679 dicatur
1902 642 2072 678 confell'us

1116 694 1381 728 numerationem
1407 694 1566 740 pecuniae
1586 695 1617 727 in
1639 693 1757 727 litteris
1788 691 1928 732 cambii,
1966 701 2073 739 quan—

1117 742 1165 776 do
1184 741 1215 775 in
1237 741 1357 775 litteris
1378 739 1455 775 sunt
1479 741 1630 787 appofita
1651 741 1703 776 illa
1728 742 1826 777 verba
1847 768 1856 782 ,
1881 752 1940 788 per
1960 739 1995 774 la
2013 751 2073 773 va-

1117 790 1206 829 lum,
1230 790 1356 823 havuta
1375 789 1417 822 de
1435 793 1596 830 contami,
1612 800 1650 824 ut
1668 788 1701 823 in
1714 786 1857 824 formula
1874 789 2072 829 litterarum,

1117 848 1202 884 quas
1221 836 1392 883 posuimus
1414 837 1511 871 initio
1538 837 1632 881 hujus
1661 838 1693 883 §.
1720 849 1750 870 2.
1780 836 1859 883 quia
1886 847 1968 871 tunc
1989 834 2076 871 dici-

1118 895 1174 919 tnr
1197 887 1337 930 probata
1359 885 1483 919 solutio
1498 911 1508 925 ,
1530 886 1563 920 ἀ
1584 885 1671 920 idem
1691 884 1713 918 fi
1739 883 1928 920 diceretur.
1960 883 2001 917 de
2016 895 2075 916 nu-

1117 945 1241 967 merato
1253 960 1262 973 ‚
1292 935 1362 967 Rot.
1379 934 1518 970 Genuen.
1532 932 1601 971 dec.
1615 947 1674 977 44.
1690 936 1722 967 in
1746 931 1777 971 fi.
1795 933 1828 967 ὅς
1849 932 1935 966 idem
1957 943 1996 965 ex
2013 930 2077 965 dis-

1119 981 1285 1027 positione
1305 981 1534 1028 capitulorum
1569 982 1793 1017 nundinarum
1821 979 2049 1015 Geni-ieonum
2065 1005 2075 1020 ‚

1117 1042 1204 1063 num.
1228 1041 1281 1071 ¹4·
1309 1029 1448 1076 quando
1472 1029 1504 1062 in
1532 1029 1680 1071 cedulis,
1717 1028 1844 1077 quibus
1871 1027 1995 1063 dantur
2016 1039 2077 1072 pe-

1119 1078 1232 1112 cuniae¹
1261 1078 1303 1112 ad
1330 1077 1496 1112 cambium
1511 1103 1519 1118 ,
1553 1079 1586 1112 &
1608 1077 1694 1112 fiunt
1716 1077 1902 1111 solutiones
1924 1075 1956 1109 in
1980 1074 2078 1108 distis

1119 1126 1300 1165 nundinis,
1330 1125 1464 1160 dicatur
1483 1150 1493 1166 ‚
1524 1135 1583 1172 per
1606 1127 1642 1161 la
1667 1126 1788 1160 valum
1817 1124 1968 1164 havuta,
1996 1123 2078 1170 quia

1121 1171 1288 1219 ejtismodi
1314 1173 1448 1208 cedulae
1471 1173 1596 1208 habent
1624 1173 1761 1209 eandem
1786 1173 1850 1206 vim
1870 1198 1879 1212 ,
1915 1172 1950 1205 ὅ(
1977 1172 2078 1217 vigo-

1121 1233 1207 1263 rem,
1237 1232 1277 1255 ac
1300 1222 1322 1255 si
1349 1221 1501 1262 realiter,
1526 1222 1560 1257 δι
1589 1220 1621 1256 in
1647 1220 1788 1268 pecunia
1806 1229 1980 1254 numerata
1994 1217 2080 1252 faeta

1121 1270 1199 1304 elset
1221 1269 1364 1310 solutio,
1395 1269 1549 1317 ideoque
1568 1280 1632 1304 nec
1657 1267 1863 1316 injudicio,
1899 1279 1962 1302 nec
1987 1277 2080 1302 extra

1122 1319 1247 1364 poterit
1274 1317 1428 1363 opponi,
1475 1317 1680 1353 solutionem
1707 1328 1776 1351 non
1808 1315 1905 1350 fuisse
1932 1316 2078 1355 realem,

1120 1378 1226 1413 quare
1245 1377 1322 1400 cum
1335 1392 1343 1403 ,
1368 1366 1531 1400 stantibus
1553 1365 1723 1412 praedistis
1739 1364 1867 1403 verbis,
1891 1377 1952 1409 per
1966 1364 2000 1397 la
2018 1376 2081 1397 va-

1120 1416 1213 1455 lum,
1240 1413 1368 1448 havuta
1390 1414 1432 1448 de
1454 1416 1596 1449 comanti
1612 1441 1619 1454 ‚
1643 1427 1708 1448 non
1733 1413 1770 1448 fit
1786 1414 1884 1447 locus
1905 1410 2080 1457 exceptio*

1120 1475 1186 1497 non
1211 1472 1397 1498 numeratae
1423 1461 1604 1509 pecuniae,
1635 1472 1839 1506 mercatores
1862 1486 1870 1499 ,
1901 1458 1961 1507 qui
1996 1459 2079 1493 dant

1121 1511 1273 1551 cambio,
1297 1509 1424 1557 semper
1449 1510 1626 1557 accipiunt
1657 1510 1784 1544 litteras
1811 1521 1885 1545 cum
1908 1506 2079 1555 praedietis

1121 1559 1241 1593 verbis.

1170 1607 1299 1647 Secus,
1327 1606 1350 1640 fi
1371 1606 1404 1640 in
1423 1606 1540 1641 litteris
1560 1606 1738 1643 diceretur
1755 1616 1816 1653 pro
1841 1605 1977 1639 totidem
1990 1615 2078 1639 cam-
2091 1615 2113 1652 7

1121 1655 1242 1694 biatis,
1271 1655 1348 1701 quia
1367 1655 1425 1688 ista
1444 1654 1544 1689 verba
1564 1655 1735 1689 communi
1756 1663 1980 1688 mercatorum
2006 1653 2078 1687 Ge-

1122 1702 1294 1737 nuenfium
1330 1702 1540 1738 observantia
1569 1715 1637 1737 non
1670 1702 1816 1748 probant
1843 1700 2049 1736 solutionem
2067 1726 2078 1741 ,

1121 1762 1226 1798 quare
1246 1751 1268 1785 fi
1293 1763 1361 1800 ego
1386 1750 1521 1786 fecerim
1548 1751 1607 1785 tibi
1626 1750 1753 1785 litteras
1775 1749 1914 1790 cambii,
1948 1760 2008 1794 pro
2034 1748 2081 1783 ci-

1121 1801 1228 1833 vitate
1255 1798 1494 1834 Barchinoniae
1511 1825 1521 1840 ,
1554 1798 1732 1833 solvendas
1757 1797 1917 1833 Antonio
1943 1796 2081 1831 nomine

1121 1857 1205 1888 tuo,
1236 1849 1269 1882 ὃς
1292 1848 1393 1882 ὀίξὶεε
1414 1848 1571 1887 pecuniae
1592 1847 1763 1881 solvantur
1790 1845 1949 1880 Antonio
1968 1855 2003 1878 nt
2019 1847 2080 1890 fi‘·

1119 1907 1201 1943 pra,
1236 1897 1270 1930 &
1294 1896 1326 1930 in
1354 1896 1472 1930 litteris
1496 1895 1557 1929 sint
1587 1895 1738 1942 apposita
1764 1893 1853 1928 dieta
1874 1895 1994 1933 verba,
2022 1903 2080 1937 pro

1121 1944 1257 1980 totidem
1272 1944 1469 1978 cambiatis:
1500 1944 1534 1978 δε
1560 1955 1624 1989 ego
1652 1944 1768 1990 postea
1791 1954 1901 1989 petam
1917 1941 1935 1976 a
1960 1952 1993 1974 te
2010 1941 2081 1975 dic-

1122 2003 1170 2026 tas
1202 1993 1359 2037 pecunias
1388 2018 1398 2032 ,
1435 1991 1563 2026 solutas
1595 1991 1753 2027 Antonio
1781 1991 1905 2037 vigore
1934 2001 2080 2023 mearum

1121 2041 1305 2075 litterarum
1322 2067 1331 2079 ,
1359 2041 1392 2074 ὃς
1419 2051 1457 2074 tu
1484 2039 1615 2074 recuses
1637 2038 1782 2081 solvere,
1813 2050 1856 2073 eo
1878 2038 1975 2084 quod
2001 2038 2081 2072 asse·

1122 2100 1193 2129 ras,
1224 2087 1320 2123 fuisse
1344 2089 1363 2122 a
1390 2100 1424 2122 te
1443 2089 1522 2121 mihi
1547 2087 1674 2122 solutas
1694 2088 1726 2121 in
1747 2085 1965 2123 confectione
1990 2085 2081 2120 litte-

1122 2149 1228 2171 rarum
1248 2163 1256 2176 ,
1281 2137 1362 2184 quia
1378 2146 1581 2171 mercatores
1599 2148 1666 2170 non
1686 2134 1816 2171 faciunt
1839 2135 1967 2169 litteras
1991 2145 2081 2168 cam-

1121 2185 1167 2219 bii
1190 2185 1247 2218 nifi
1271 2185 1432 2230 pecunias
1449 2185 1631 2231 recipiant,
1662 2196 1730 2231 ego
1755 2181 1888 2230 possum
1906 2181 2082 2227 replicare,

1123 2234 1220 2281 qnod
1249 2233 1314 2268 feci
1336 2234 1488 2273 litteras,
1517 2233 1574 2278 spe
1601 2230 1731 2267 funirae
1759 2230 2003 2266 numerationis
2027 2242 2081 2264 ea-

1123 2293 1192 2328 que
1213 2281 1270 2326 spe
1289 2282 1354 2315 feci
1374 2287 1537 2330 tanquam
1552 2292 1629 2316 tuus
1641 2281 1776 2316 debitor
1794 2279 1902 2319 solvi,
1933 2280 2003 2312 Rot.
2020 2283 2082 2314 Ge-

1122 2343 1215 2364 nuen.
1232 2330 1266 2363 d.
1285 2331 1425 2372 ἀσαφῆ..

1170 2378 1277 2412 Secus
1301 2378 1398 2412 etiam
1413 2377 1435 2411 fi
1457 2377 1490 2411 in
1514 2376 1635 2411 litteris
1658 2374 1852 2416 diceretur,
1874 2377 1958 2410 conti
1975 2374 1995 2408 ὰ
2011 2377 2076 2416 noi,
2090 2376 2111 2411 8

1121 2426 1203 2472 quia
1232 2427 1289 2460 ista
1316 2426 1443 2467 verba,
1473 2424 1657 2459 secundum
1691 2435 1817 2458 rnorem
1852 2433 2079 2458 mercatorum

1121 2474 1209 2508 idem
1231 2474 1470 2520 importarent,
1493 2472 1590 2521 quod
1614 2473 1713 2507 verba
1730 2472 1909 2515 praedffila,
1934 2471 2080 2505 cambia-

1122 2526 1148 2556 ti
1171 2525 1204 2555 in
1231 2534 1294 2558 not.
1326 2523 1358 2556 δε
1376 2522 1458 2556 ideo
1479 2534 1548 2557 non
1576 2520 1764 2568 significant
1783 2518 2050 2555 numerationem
2066 2545 2076 2561 ,

1122 2572 1193 2604 Rot.
1216 2571 1357 2604 Genuen.
1384 2571 1456 2606 dec.
1479 2582 1555 2612 ¹04·
1571 2571 1727 2614 solutione
1741 2595 1750 2610 ‚
1764 2569 1831 2617 βψ
1845 2581 1875 2602 n.
1895 2579 1923 2613 ς.
1946 2578 2014 2613 ego
2029 2567 2078 2600 ni-

1120 2618 1167 2652 hil
1190 2618 1287 2660 dico,
1317 2619 1452 2653 remitto
1469 2630 1521 2653 nie
1539 2618 1582 2652 ad
1603 2629 1720 2652 eorum
1737 2617 1939 2665 peculiarem
1969 2627 2078 2662 gram-

1119 2677 1285 2701 mancam.

1166 2713 1291 2749 Limita
1316 2713 1467 2750 secur-,do
1494 2725 1533 2750 ut
1557 2726 1623 2749 non
1651 2715 1772 2750 habeat
1794 2712 1908 2748 locum
1934 2713 1966 2746 in
1993 2712 2109 2755 civi-9

1119 2771 1190 2797 tare
1225 2765 1382 2801 Genuae,
1427 2762 1566 2810 quando
1599 2764 1712 2810 agitur
1747 2762 1929 2795 executive
1956 2761 2076 2808 vigore

1119 2810 1326 2846 instrumenti
1358 2812 1510 2858 publici,
1555 2823 1636 2858 quia
1670 2821 1788 2846 contra
1819 2809 2074 2844 instrumentum

1119 2859 1288 2905 publicum
1318 2859 1350 2894 in
1379 2860 1515 2906 judicio
1550 2859 1734 2894 executivo
1764 2869 1840 2892 reus
1870 2869 1938 2892 non
1965 2856 2076 2903 poiest

1118 2906 1228 2941 facere
1251 2907 1394 2956 aliquam
1411 2907 1674 2954 exceptionem,
1701 2907 1757 2941 nili
1778 2905 1996 2945 solutionem,
2020 2905 2074 2939 vel

1117 2954 1394 2996 satisfafflonem,
1435 2957 1530 2991 etiam
1552 2957 1615 3002 'per
1645 2956 1730 2989 viam
1764 2953 2072 3000 compensationis,

1117 3005 1172 3038 vel
1199 3003 1425 3051 quitationem
1460 3015 1518 3039 aut
1548 3004 1764 3038 remiffionem
1792 3012 1851 3049 per
1878 3002 2075 3035 instrumen-

1118 3061 1189 3086 tum
1217 3052 1389 3098 publicum
1409 3078 1419 3092 ,
1463 3052 1520 3086 vel·
1547 3051 1642 3086 aliam
1673 3050 1868 3097 scripturam
1901 3049 2072 3095 publicam

1117 3100 1170 3134 vel
1188 3113 1246 3147 per
1276 3100 1456 3134 extraHum
1479 3101 1733 3134 cartulariornm
1759 3099 1794 3133 S.
1818 3097 1989 3144 Georgii,
2018 3096 2073 3130 vel

1117 3148 1253 3184 aliarum
1281 3149 1550 3193 comperularum
1578 3148 1727 3194 Reipub.
1758 3146 1810 3180 vel
1837 3157 1895 3191 per
1934 3143 2076 3192 scriptu·

1116 3208 1167 3231 ras
1187 3197 1336 3242 privatas
1365 3195 1561 3236 creditoris,
1587 3196 1640 3230 vel
1664 3195 1862 3242 apodiliam,
1894 3191 2072 3239 scriptam,

1116 3255 1173 3280 aut
1200 3244 1416 3289 subscriptam
1441 3255 1500 3290 per
1526 3244 1758 3284 creditorem,
1796 3243 1840 3276 lic
1870 3240 2075 3288 disponenti·

1115 3293 1177 3326 bus
1192 3294 1310 3340 statut.
1330 3292 1484 3338 Genuens.
1504 3292 1560 3326 lib.
1579 3305 1607 3325 2.
1629 3305 1700 3338 cap.
1723 3304 1751 3336 3.
1769 3293 1800 3337 §
1820 3301 1879 3322 non
1894 3289 1980 3336 poffit
1997 3315 2004 3326 ,
2038 3289 2072 3324 &

1114 3341 1160 3375 fic
1180 3354 1244 3376 non
1268 3340 1379 3386 potest
1411 3351 1591 3387 opponere
1606 3349 1841 3386 exceptionem
1867 3349 1935 3372 non
1957 3347 2072 3373 nume-

1114 3399 1196 3424 ratae
1218 3399 1386 3435 pecuniae.

1161 3436 1288 3470 Limita
1313 3435 1437 3476 tertio,
1469 3446 1510 3470 ut
1532 3447 1600 3470 non
1624 3434 1726 3473 habet
1752 3434 1867 3470 locum
1887 3433 1919 3467 in
1939 3444 2067 3468 extrac—
2085 3442 2126 3467 ιο

1115 3483 1156 3519 tis
1174 3484 1431 3519 cartul-ariorum
1455 3483 1490 3517 S.
1509 3483 1677 3530 Georgii,
1705 3495 1806 3531 quam
1832 3482 2066 3517 limitationem

1113 3532 1216 3566 habes
1241 3533 1327 3580 infra
1350 3531 1576 3580 §.7.g?.'3.;i.
1594 3544 1647 3576 33.

1152 3579 1276 3614 Limita
1289 3591 1426 3626 quarto,
1438 3591 1551 3613 utnon
1567 3579 1687 3614 habeat
1704 3580 1817 3615 locum
1835 3579 1866 3613 in
1885 3576 2064 3618 oblifzatio-
2085 3595 2096 3617 1
2109 3597 2123 3618 ι

1113 3639 1155 3662 ne
1173 3627 1294 3662 formae
1306 3627 1460 3662 Camerae
1475 3628 1595 3672 jurata,
1611 3628 1789 3663 &attentis
1802 3624 2068 3661 facultatibAu-

1111 3676 1234 3718 ditoris
1248 3676 1413 3714 Carnem,
1426 3687 1504 3720 qma
1524 3676 1561 3713 is,
1577 3687 1646 3709 non
1665 3678 1822 3710 obllante
1834 3672 2067 3711 absolutione,

1109 3725 1143 3758 ὅ(
1158 3724 1362 3757 relaxatione
1383 3735 1401 3756 a
1419 3724 1607 3769 juramento
1622 3749 1630 3763 ‚
1655 3724 1816 3769 procedit
1831 3724 1875 3756 ad
1898 3718 2075 3755 executio-

2000 3777 2078 3800 nem
