2400 3939
26 1681 30 1690 .

0 1693 49 1727 Al

0 1729 65 1764 ιώ

2 1807 8 1819 .
19 1768 42 1813 ‘²4

757 202 807 267 §.
852 198 977 256 ΙΙΙ.
1024 195 1204 258 Gloff.
1249 200 1372 258 ΙΙΙ.

118 295 189 321 tion
214 283 308 331 posse
327 283 490 326 defendi,
522 284 603 332 quia
621 285 718 320 etiarn
743 296 806 330 pro
825 284 1060 332 redemptione

119 332 271 368 fidelium
297 332 511 379 captivorum
544 331 639 367 usura
665 332 798 366 admitti
827 345 893 366 non
918 335 1033 379 potest
1048 361 1058 375 ,

120 376 306 428 cip-super
322 393 358 414 eo
373 380 415 414 de
429 382 517 426 usur.
536 383 668 415 Navar.
684 380 719 414 d.
737 390 811 427 cap.
832 382 956 428 17.sub
972 394 1058 416 num.

117 441 165 511 ‚²23
168 427 1009 522 7'31‘22fisffffmcfisssss‘ssssffi‘Ziev‘c'dssiiq‘ii‘’
1012 431 1061 510 '21²2

115 501 242 559 car’nbio
249 523 347 568 ficco,
364 523 477 568 verfic.
492 536 594 570 quaero
610 537 656 558 an
671 523 802 558 cambia
813 522 1058 570 ficcafol.223.

116 572 152 607 &
176 571 277 617 quod
296 570 394 619 super
413 571 646 615 prohibitione
663 570 776 606 divina
795 571 967 605 usurarum
992 573 1059 607 dis-

114 619 241 666 pensari
259 631 330 654 non
347 618 455 666 poffit,
470 617 581 654 scribit
594 621 729 655 Navar‚
743 621 777 652 in
790 619 825 652 d.
838 631 866 654 c.
882 619 1058 666 fifoenera-

114 669 217 708 veris,
230 677 295 701 not.
312 667 437 713 15.sub
450 679 482 701 n.
493 675 550 709 4'4.
565 668 650 714 veis.
667 670 766 701 tertia
782 667 865 714 quod
879 678 930 709 14.
951 668 1053 714 quaesl.

116 727 147 759 3.
167 716 200 751 &
215 714 314 763 quod
332 714 508 760 dispensari
523 727 590 750 non
607 714 726 761 poffit,
756 715 855 762 quod
869 716 948 761 quis
959 715 1058 762 possjt

113 762 182 798 fine
196 773 341 808 peccato
363 761 531 804 foenerari,
550 762 663 798 scribit
679 765 780 796 Laur.
794 763 836 796 de
849 763 1010 810 Rodulph.
1024 767 1058 798 in

112 825 142 846 c.
152 813 322 857 consuluit.
336 814 369 844 in
379 813 486 857 princ:
502 823 532 845 n.
548 824 602 844 22.
624 811 666 844 de
681 813 767 857 usur.
786 813 870 844 inter
883 812 980 845 ιναῖὶ.
1001 811 1056 845 di-

112 861 200 901 vers.
210 869 285 892 tom.
302 859 409 906 7.fol.
426 861 476 894 16.
492 859 526 893 &
537 859 634 906 quod
649 869 760 905 neque
774 858 815 892 ab
828 857 924 892 hofle
939 857 976 893 fit
990 858 1057 893 exi-

111 905 225 954 genda
242 908 354 946 utura,
388 907 421 940 &
441 918 613 954 nunquam
633 906 666 940 in
695 895 986 952 hoc⁴dispensatio
1007 907 1056 940 le-

111 965 214 1001 gatur
233 953 317 988 faeta
330 981 338 995 ,
365 954 399 989 δε
415 954 485 989 fieri
502 967 568 989 non
584 953 682 1000 possit
695 981 704 995 ‚
733 953 843 988 scribit
861 955 993 989 Cardin.
1012 955 1055 988 de

109 1000 319 1038 Taurecrem.
332 1005 365 1036 in
373 1016 400 1038 c.
410 1002 450 1037 ab
462 1004 519 1038 illo
525 1004 589 1050 snb
601 1013 729 1036 numero
739 1004 856 1049 primo,
865 1002 958 1045 versi.
969 1003 1054 1037 alio-

110 1062 183 1085 rum
199 1053 302 1098 opinio
321 1062 373 1092 ¹4·
391 1053 531 1098 quaest.4.
543 1052 576 1085 &
590 1050 678 1085 adde
691 1062 772 1097 qnae
790 1048 896 1096 scripfi
899 1052 1007 1098 supra
1020 1052 1054 1098 ξ.

109 1108 138 1134 1.
151 1099 253 1145 quaell.
276 1098 303 1133 ιζ
316 1110 346 1132 n.
369 1111 407 1143 31
420 1112 446 1133 r.
465 1100 597 1146 &seqq.
617 1098 685 1132 imo
700 1097 902 1144 dispensatio
918 1098 1054 1133 videtur

54 1140 61 1145 .
109 1145 319 1193 impossibilis
333 1145 532 1185 indistin&e‚
548 1158 628 1194 quia
646 1146 743 1180 usura
759 1145 804 1180 est
818 1172 828 1186 ,
843 1146 940 1193 quod
955 1158 1049 1181 num-

111 1205 185 1228 mus
199 1206 240 1228 ex
251 1191 370 1240 seipso
381 1197 485 1241 pariat
501 1206 684 1235 nummum,
695 1195 790 1239 juxta
800 1205 847 1233 ea,
861 1205 942 1242 quae
955 1194 1053 1241 serip-

111 1241 236 1289 fisupr.
251 1241 285 1277 d.
299 1253 351 1288 qu.
379 1243 477 1288 10Juh
490 1255 521 1276 n.
537 1254 618 1284 404.
640 1243 674 1280 ΕΞ]
689 1243 750 1276 hac
770 1242 846 1275 ead.
863 1242 964 1288 quaest.
974 1254 1049 1290 par.

109 1290 248 1338 praeced.
260 1302 291 1324 n.
309 1290 363 1325 68.
379 1290 434 1326 sed
451 1292 599 1337 potestas
619 1290 761 1324 humana
773 1302 843 1324 non
855 1290 964 1337 potest
980 1292 1049 1325 hoc

113 1336 243 1372 facere:
276 1349 371 1384 ergo.

160 1386 242 1421 Nec
265 1387 469 1432 replicetur,
497 1386 596 1435 quod
620 1387 706 1422 ficut
727 1386 827 1422 etiarn
847 1386 980 1430 Judaeis
1003 1388 1050 1422 est

0 1450 2 1454 ·
50 1434 101 1466 ⁴4
113 1433 321 1481 prohibitum
339 1446 494 1469 exercere
507 1435 642 1475 usuras,
660 1435 835 1470 intantum
855 1445 893 1469 ut
909 1435 1050 1470 consue-

112 1481 200 1517 tudo
223 1482 256 1515 in
271 1493 474 1518 contrarium
493 1495 560 1518 non
581 1484 687 1517 valeat
701 1482 884 1517 seeundum
895 1495 1047 1520 commu-

109 1541 171 1564 nes
183 1529 379 1576 opiniones,
404 1543 490 1578 quas
506 1531 574 1565 late
595 1530 715 1571 refert,
734 1532 767 1565 ὅ(
786 1531 937 1578 sequitur
957 1533 1048 1567 Clar-

108 1589 229 1625 recept.
234 1579 322 1625 sent.
337 1579 430 1625 lib.5.
447 1581 477 1625 ξ.
492 1581 590 1625 usura
601 1578 712 1616 verfic.
726 1579 789 1613 haec
804 1589 912 1613 autem
925 1582 1051 1615 conclu-

8 1603 51 1674 'ss
100 1625 160 1672 fia
179 1628 212 1662 &
232 1637 340 1660 tamen
365 1627 453 1673 Papa
469 1627 579 1672 porest
605 1624 790 1674 dspensire
813 1637 890 1662 cum
910 1627 957 1661 eis
972 1655 981 1667 ‚
1009 1639 1047 1663 ut

109 1673 231 1720 poffint
242 1685 297 1708 eas
311 1686 477 1715 exercere,
489 1677 559 1720 Jas.
576 1676 643 1709 inl.
655 1689 665 1709 t
674 1702 682 1709 .
695 1679 728 1709 in
744 1687 770 1708 1.
784 1674 856 1708 lest.
870 1687 899 1709 n.
909 1677 961 1720 56.
973 1688 1048 1710 ver-

100 1721 143 1767 Ji.
160 1724 360 1757 contrariam
379 1725 412 1759 (ρ’
428 1727 460 1756 in
478 1736 507 1756 2.
530 1723 672 1770 least&
686 1736 715 1756 n.
737 1733 788 1767 35.
808 1723 940 1770 &seqq-
957 1725 990 1757 C.
1007 1725 1049 1758 de

100 1771 192 1818 fiam.
209 1773 301 1805 Trin.
318 1773 351 1808 t&
366 1771 426 1811 fid.
447 1771 536 1805 cath.
565 1772 611 1805 ita
628 1771 725 1805 etiam
743 1769 841 1816 possit
861 1770 1051 1817 dispensare

111 1829 189 1852 cum
216 1816 412 1853 Christianis
434 1831 472 1853 ex
495 1818 609 1866 aliqua
637 1818 772 1866 urgenti
792 1817 910 1861 causa,
943 1818 999 1853 seu
1016 1820 1049 1854 in

112 1865 284 1912 aliquibus
299 1867 440 1902 cafibus.

130 1959 138 1965 -
161 1914 256 1958 Quia
278 1913 467 1961 respondeo
489 1915 683 1962 dupliciter.
715 1914 840 1956 Primo,
857 1913 1048 1962 aequipara-

51 1970 95 2008 45
115 1971 240 1996 tionem
260 1974 327 1998 non
345 1964 552 2010 procedere,
580 1976 651 1999 tum
672 1964 753 2010 quia
778 1964 893 2007 Jndaei
926 1964 1050 1998 haben-

114 2019 171 2044 tur
187 2021 250 2056 pro
265 2012 419 2052 mortuis,
429 2011 483 2046 seu
499 2011 649 2058 perditiS,
667 2014 699 2047 ὃς
712 2011 796 2046 ficut
811 2011 952 2047 mortuis
968 2012 1049 2045 stul-

109 2066 146 2092 te
162 2057 297 2094 daretur
319 2059 501 2101 medicina,
536 2060 582 2095 ita
607 2059 855 2094 frustrato-rium
874 2060 1047 2094 videretur

107 2105 284 2142 consulere
297 2106 394 2143 saluti
411 2108 625 2151 Judaeorum,
641 2108 836 2143 coercendo
862 2120 921 2142 eos
934 2120 953 2141 a
964 2120 1045 2154 pec-

105 2164 205 2195 cato,
225 2155 403 2208 postquam
422 2155 495 2190 sunt
509 2155 645 2203 perditi,
659 2157 732 2192 Jar.
745 2159 777 2190 in
790 2157 825 2190 d.
842 2168 868 2190 1.
880 2157 950 2189 leci.
969 2159 1001 2191 J.
1012 2168 1044 2192 n.

108 2203 164 2247 56.
183 2212 254 2237 tum
267 2215 348 2251 quia
363 2204 406 2239 de
425 2204 492 2245 his,
519 2204 580 2251 qui
597 2203 677 2238 foris
696 2201 768 2240 sunt
781 2231 790 2244 ,
809 2203 891 2237 nihil
906 2204 948 2238 ad
965 2216 1044 2239 nos:

105 2250 186 2298 qnid
197 2253 282 2284 enim
293 2252 372 2285 mihi
382 2252 424 2285 de
433 2255 484 2291 iis,
499 2255 552 2299 qui
567 2254 741 2300 foris-fient,
750 2252 920 2296 judicare?
934 2253 1044 2299 Apost-

109 2298 197 2332 x.ad
214 2300 357 2334 Corinth.
374 2312 404 2346 5.
424 2303 456 2333 in
471 2300 527 2341 fin.
544 2313 576 2335 n.
595 2313 645 2336 ιι.
665 2304 771 2347 capite
785 2301 817 2334 8.
835 2303 1020 2348 gaudemus
1033 2326 1043 2340 ‚

104 2346 148 2380 de
161 2346 286 2381 divort.
302 2349 380 2395 Boff.
404 2349 536 2383 trafiat.
553 2350 645 2382 crim.
669 2349 758 2382 titul.
774 2350 816 2381 de
824 2350 893 2395 for.
910 2359 1042 2394 compet.

104 2406 136 2428 n.
147 2406 180 2436 4.
201 2395 236 2431 ό
250 2393 361 2430 Thom.
375 2393 505 2444 Trivff.
521 2396 634 2441 decifio
648 2398 704 2442 67.
718 2396 860 2434 Judaeus,
868 2395 933 2442 fiib
943 2409 1040 2432 n.20.

106 2442 219 2484 verfic.
233 2455 292 2478 nec
301 2443 402 2490 obstat
413 2443 496 2478 libro
511 2446 636 2490 primo,
664 2444 759 2478 secus
772 2446 817 2477 ell
833 2456 864 2477 in
882 2445 1042 2480 Christia—

105 2490 166 2525 nis.
185 2491 204 2513 *
219 2491 381 2527 Secundo
395 2490 603 2538 respondeo,
623 2491 721 2539 quod
736 2491 850 2534 Judaei'
865 2491 955 2526 nulla
971 2504 1041 2537 par-

45 2535 93 2577 46
107 2537 238 2575 ticulari
258 2537 504 2591 dispensatione
531 2539 721 2586 indigerent
742 2539 784 2574 ad
803 2538 1036 2576 foenerandum

89 2585 318 2629 Christianis,
331 2588 391 2636 qui
404 2600 445 2622 eo
461 2587 533 2634 ipso
544 2614 553 2629 ,
564 2589 663 2636 quod
677 2587 815 2623 ecclelia
831 2588 949 2623 tolerat
964 2600 1035 2629 eOS,

100 2633 135 2669 in
153 2633 426 2682 consequentiam
445 2638 565 2671 tolerat
581 2648 696 2672 eorum
716 2636 822 2677 ritus,
848 2647 885 2670 ut
901 2635 1035 2683 dixisu-

97 2693 161 2729 pra
184 2685 216 2729 §.
232 2696 260 2716 1.
283 2685 387 2730 quaest.
405 2697 438 2730 7.
455 2695 532 2732 par.
551 2697 581 2730 3.
601 2685 699 2718 limit.
721 2697 777 2719 20.
799 2695 885 2718 num.
907 2695 1034 2731 quarto,

101 2731 213 2772 verfic.
247 2731 437 2774 ubextende,
456 2732 677 2768 &tolerando
694 2744 810 2767 eorum
827 2732 920 2772 ritus,
934 2733 965 2766 in
978 2744 1034 2766 ne-

99 2777 267 2815 eess‘ariam
280 2779 553 2828 consequentiam
561 2783 626 2827 Jam
641 2780 772 2822 tolerat,
785 2792 822 2816 ut
837 2780 957 2826 poffint
969 2779 1037 2815 foe-

100 2827 206 2861 nerari
222 2826 445 2871 Christianis,¹
470 2831 497 2875 †
523 2829 603 2876 qnia
623 2829 738 2872 Judari
762 2841 802 2862 ex
830 2829 905 2874 lege
930 2828 1036 2863 vereri

37 2863 87 2910 '⁴7
100 2865 238 2921 possunt
252 2875 449 2923 alienigenis
462 2877 617 2912 foenerari
633 2890 640 2912 :
666 2889 723 2910 non
731 2878 1036 2924 soeneraberisfra-

35 3522 84 3563 48

98 2926 211 2958 trimo
227 2924 274 2960 ad
287 2928 420 2973 ufiiram
431 2953 441 2967 ,
464 2939 564 2973 neque
567 2927 686 2974 fruges
702 2951 712 2966 ‚
742 2937 841 2971 neque
857 2925 1036 2970 quamlibet

95 2972 204 3005 aliam
217 2985 296 3014 rem,
301 2973 370 3021 sed
382 2974 501 3011 alieno,
521 2976 619 3007 Deut.
640 2984 691 3016 ¹3·
706 2984 790 3005 num.
809 2984 860 3015 19.
879 2973 912 3006 ὃς
930 2983 1036 3019 quare

92 3019 228 3063 Judaeis
239 3020 317 3055 haec
332 3021 474 3057 facultas
494 3020 682 3055 foenerandi
696 3019 890 3066 alienigenis
907 3019 946 3054 fit
961 3032 1034 3066 per-

92 3066 183 3102 mifia
197 3094 206 3109 ‚
235 3068 336 3104 variae
355 3069 428 3105 sunt
448 3068 665 3104 scribentium
684 3066 884 3114 opiniones:
920 3067 1030 3104 Prima

92 3115 179 3150 enim
204 3115 322 3162 opinio
342 3117 398 3158 sit,
422 3117 521 3165 quod
544 3116 620 3151 haec
650 3115 791 3150 facultas
813 3115 858 3148 est
886 3115 933 3150 eis
957 3128 1032 3162 per-

90 3162 200 3204 missa,
228 3176 296 3199 non
315 3177 353 3200 ut
373 3166 474 3212 culpa
498 3176 620 3199 vacent
638 3163 727 3210 apud
745 3163 859 3198 Deum
875 3189 886 3204 ,
904 3163 960 3198 sed
979 3165 1031 3199 so-

90 3210 160 3246 lum
171 3238 182 3254 ,
198 3221 237 3246 ut
249 3212 298 3247 eis
313 3213 451 3260 impune
465 3213 563 3248 liceat
578 3211 736 3246 foenerari
764 3222 837 3259 quo
855 3212 897 3245 ad
919 3211 1032 3247 forum

91 3258 296 3302 humanum,
324 3272 362 3296 ut
377 3275 418 3296 ex
439 3264 486 3296 D.
511 3260 625 3296 Thom.
645 3259 794 3306 sequitur
818 3263 882 3294 Sor.
899 3260 940 3293 de
954 3262 1030 3307 just.

92 3308 129 3346 (δ’
138 3311 205 3352 jur.
221 3309 304 3344 libro
307 3311 412 3356 sexto,
428 3310 532 3356 quaest.
545 3322 574 3343 t.
589 3310 687 3342 artic.
704 3320 715 3340 ι
726 3332 733 3340 .
748 3306 859 3352 versic.
876 3309 909 3340 in
913 3309 1030 3354 secun-

88 3357 131 3393 do
140 3368 351 3404 argumento,
365 3359 484 3392 c'olum.
505 3370 556 3391 ιι.
577 3357 683 3396 initio,
693 3356 760 3404 fol.
775 3367 853 3400 5²9·
874 3355 1031 3404 hancque

93 3404 288 3451 opinionem
315 3405 468 3453 sequitur
498 3405 626 3452 Bonins.
652 3404 747 3438 irael.
770 3403 811 3436 de
838 3405 966 3438 vendit.
984 3405 1033 3439 ad

91 3461 188 3497 temp.
202 3456 308 3500 capite
323 3457 430 3494 terrio,
445 3465 532 3487 num.
548 3457 605 3488 2⁶.
628 3453 661 3486 &
681 3451 748 3485 boc
764 3450 806 3484 ad
835 3450 1030 3486 evitandum

93 3500 200 3544 majus
215 3501 336 3537 malurn
350 3514 362 3544 ;
387 3504 414 3548 †
431 3511 524 3535 erant
541 3499 628 3533 enim
647 3498 797 3533 avaritiae
811 3498 1002 3534 deditiffimi
1016 3526 1027 3542 ‚

94 3545 246 3594 ideoque
258 3551 376 3597 pejora
387 3549 658 3586 committerent,
677 3547 805 3582 lcilicet
814 3574 823 3588 ‚
839 3546 1025 3590 latrocinia,

91 3595 370 3642 permittebatur,
391 3608 432 3633 ut
452 3595 581 3644 possent
597 3595 774 3631 foenerari:
796 3595 881 3629 sicut
898 3596 932 3629 δι
958 3607 1028 3630 me-

90 3642 230 3678 retrices
251 3646 438 3681 tolerantur
455 3672 463 3684 ,
489 3646 522 3679 &
547 3644 591 3678 fic
613 3641 794 3678 fornicatio
811 3642 852 3676 ad
872 3643 1028 3679 evitanda

89 3691 267 3736 adulteria,
286 3690 350 3732 Sor.
364 3695 435 3731 eod.
448 3693 590 3728 articulo
601 3694 707 3740 primo
717 3717 727 3733 ,
754 3694 787 3726 in
796 3692 955 3738 postrema
970 3705 1028 3732 ras

1950 230 2057 282 421

1118 289 1224 328 tione,
1259 288 1377 323 colum.
1409 299 1460 330 ¹4.
1476 290 1546 336 sol.
1575 299 1631 334 50.
1660 288 1820 324 Secunda
1847 289 1965 338 opinio
1990 293 2037 328 est
2053 308 2065 326 ι

1118 334 1216 379 quod
1231 333 1298 370 fuit
1321 337 1369 369 eis
1387 337 1575 382 permiisum
1589 363 1600 378 ,
1627 347 1667 371 ut
1685 337 1815 384 possent
1835 337 1854 372 ὲ
1877 341 2062 386 gentilibus

1117 381 1232 416 usuras
1255 383 1431 430 accipere,
1456 396 1497 419 ne
1521 394 1660 431 propter
1680 385 1850 419 avaritiam
1871 388 1929 422 cui
1953 388 2063 424 dediti

1117 441 1211 464 erant
1223 457 1233 471 ,
1257 442 1311 465 eas
1329 443 1491 478 caperent
1504 437 1524 466 a
1543 432 1697 475 judaeis,
1727 432 1842 468 Deum
1859 435 2060 478 colentibus,

1117 476 1201 511 ficut
1227 478 1356 513 dicitur
1379 479 1424 513 de
1444 479 1560 515 libello
1581 480 1737 527 repudii,
1767 480 1828 528 qui
1849 479 1914 517 fnit
1935 484 1963 516 ei
1987 495 2062 530 per-

1115 524 1249 566 missus,
1280 537 1322 560 ne
1339 526 1538 563 occiderent
1560 539 1683 562 uxores
1704 531 1800 565 Joan.
1827 528 1870 562 de
1894 533 2003 567 Anam
2028 535 2063 567 in
2082 561 2086 565 ⁴

1113 575 1220 618 capite
1236 576 1340 618 primo
1353 601 1363 616 ,
1386 586 1516 609 numero
1527 582 1645 622 Jexto,
1673 578 1706 610 in
1729 576 1857 610 ultimis
1873 578 2005 618 veihis,
2020 580 2064 614 de
2101 575 2105 579 ’

1112 622 1200 666 usur.
1227 620 1346 656 Tertia
1364 622 1481 668 opinio
1503 624 1567 664 est,
1591 623 1690 670 quod
1715 622 1782 659 fuit
1805 622 1853 658 eis
1872 626 2064 671 permissum

1111 678 1181 703 non
1201 668 1244 702 ad
1270 669 1426 704 evitanda
1449 671 1612 715 praedista
1631 672 1737 715 mala;
1764 670 1819 706 sed
1846 672 1928 719 quia
1957 674 2059 711 Deus

1111 715 1312 751 concesserit
1335 717 1471 759 Judaeis
1491 729 1609 754 terram
1631 720 1811 766 gentilium
1825 745 1836 761 ,
1863 721 1898 755 &
1920 720 2006 756 ideo·
2025 722 2060 758 in

1111 761 1387 812 consequentiam
1412 765 1604 812 permiserat
1623 766 1769 809 eisdem,
1795 777 1834 802 ut
1852 767 1872 803 a
1897 770 2060 815 gentibus

1111 811 1225 846 usuras
1240 811 1454 858 acciperent,
1482 824 1642 862 tanquam
1656 816 1698 849 ab
1716 815 1869 850 hostibus
1881 841 1891 857 ,
1920 817 2001 864 quia
2018 817 2060 852 fi·

1111 868 1172 893 cut
1193 870 1314 895 contra
1337 860 1471 901 hostes,
1501 862 1551 896 uti
1582 874 1812 909 occupatores
1834 863 1979 910 injustos
2004 877 2060 901 re-

1110 917 1182 940 rum
1200 907 1331 942 suarum
1353 934 1363 948 ,
1390 907 1484 943 licite
1502 920 1590 944 arma
1615 922 1753 945 movere
1777 911 1982 957 potuissent,
2011 914 2059 950 ita

1109 955 1151 988 ab
1167 954 1289 989 eisdem
1312 955 1425 990 usuras
1452 968 1610 1003 poterant
1633 957 1789 1004 exigere,
1821 969 1857 993 ut
1877 959 2057 1007 loquendo

1110 1001 1154 1036 de
1171 1002 1322 1038 hostibus
1342 1004 1500 1051 Imperii,
1523 1004 1660 1040 secutus
1676 1005 1746 1041 sum
1767 1005 1803 1042 d.
1817 1008 1963 1054 quaest.7.
1977 1020 2056 1055 par.

1113 1061 1143 1095 3.
1154 1050 1252 1086 limit.
1268 1063 1321 1085 20.
1333 1064 1418 1087 num.
1433 1064 1465 1094 4.
1481 1055 1566 1100 vers.
1593 1054 1811 1100 subextende,
1831 1054 1865 1089 &
1882 1055 1968 1090 hanc
1980 1057 2056 1103 opi-

1108 1099 1243 1133 nionem
1260 1110 1375 1135 tenent
1389 1100 1509 1140 multi,
1533 1113 1624 1148 quos
1649 1101 1812 1150 sequitur.
1828 1105 1877 1139 Jo.
1895 1105 2056 1140 Λευκάς

1108 1147 1205 1191 instit.
1225 1148 1340 1183 moral.
1355 1158 1430 1195 par.
1449 1160 1478 1192 3.
1492 1149 1575 1183 libro
1588 1152 1697 1196 quinto
1708 1176 1717 1191 ,
1736 1152 1824 1185 titul.
1840 1150 1882 1185 de
1899 1153 1985 1198 usur.
1999 1153 2055 1188 cd-

1104 1197 1174 1240 pite
1183 1195 1340 1241 secundO,
1361 1196 1463 1243 quaest.
1484 1208 1511 1243 ι.
1531 1199 1617 1245 vers.
1637 1201 1686 1232 ait
1696 1198 1858 1245 secunda,
1874 1197 1931 1234 sed
1951 1201 2054 1237 etiam

1107 1243 1306 1288 impugnant
1326 1248 1419 1281 Joan.
1441 1244 1485 1278 de
1502 1246 1616 1279 Anan.
1644 1250 1676 1279 in
1695 1246 1731 1279 A.
1752 1249 1858 1293 capite
1872 1248 2054 1296 primosub

1106 1292 1314 1337 numnsexto,
1330 1291 1425 1336 verfi.
1450 1293 1562 1326 061an
1579 1294 1716 1327 videtur
1739 1294 1772 1330 έν
1794 1306 1882 1330 num.
1897 1298 2051 1343 septimo.

1108 1339 1141 1371 ὃς
1156 1338 1251 1374 latius
1270 1341 1332 1373 Sor.
1351 1339 1385 1373 d.
1402 1339 1494 1385 varst.
1508 1343 1540 1373 in
1548 1342 1695 1387 secundo
1705 1353 1904 1389 argumento.
1923 1363 1943 1376 ,ι
1967 1355 2055 1378 con-

1107 1396 1236 1420 trariam
1247 1413 1257 1428 ‚
1274 1387 1323 1422 uti
1340 1388 1601 1433 probabiliorem
1612 1415 1622 1430 ,
1639 1389 1790 1436 sequitur
1803 1391 1900 1426 Card.
1914 1392 1956 1425 de
1968 1391 2051 1426 Tur-

1107 1446 1240 1468 recrem.
1263 1437 1502 1481 citatussupra
1511 1435 1577 1482 sub
1596 1449 1681 1471 num.
1710 1448 1766 1482 43.
1797 1437 1893 1471 Alias
1915 1439 2050 1485 opinio-

1107 1493 1186 1522 nes,
1208 1494 1289 1529 quae
1315 1494 1354 1516 ex
1373 1483 1470 1517 dietis
1492 1495 1552 1529 per
1571 1486 1623 1520 Jo.
1651 1485 1693 1519 de
1712 1487 1825 1520 Anan.
1853 1486 2049 1534 ubisupra‚

1107 1530 1224 1576 colligi
1250 1530 1407 1576 poffunt,
1430 1531 1557 1566 omitto
1575 1532 1657 1579 quia
1670 1533 1768 1568 nobis
1790 1531 1910 1568 snfficit
1923 1562 1932 1575 ,
1951 1535 2052 1582 qnod

1106 1589 1170 1613 nos
1191 1578 1344 1613 videmus
1357 1605 1368 1619 ,
1394 1579 1549 1620 tolerati,
1569 1591 1606 1616 ut
1623 1579 1739 1623 Judaei
1762 1592 1918 1616 mutuent
1935 1582 2054 1618 Chris-

1106 1625 1203 1660 tianis
1236 1626 1295 1660 sub
1318 1626 1444 1662 usuris:
1474 1627 1507 1661 &
1531 1639 1599 1673 ego
1616 1640 1685 1663 non
1712 1628 1907 1664 recederem
1925 1632 1967 1665 ab
1989 1631 2051 1667 ista

1107 1675 1204 1708 tertia
1225 1675 1408 1722 opinione,
1436 1675 1517 1722 quia
1539 1676 1593 1720 jus
1607 1676 1761 1711 divinum
1778 1690 1844 1712 non
1868 1689 2054 1725 propterea>

1106 1721 1269 1768 dispensat
1285 1732 1405 1757 contra
1425 1733 1635 1769 praeceptum
1651 1725 1822 1767 naturale,
1853 1725 1952 1772 quod
1969 1727 2052 1763 esset

1106 1769 1326 1816 impoffibile,
1348 1782 1386 1805 ut
1408 1770 1543 1805 secutus
1567 1769 1750 1819 sumsupra
1767 1777 1810 1815 5.
1831 1785 1860 1808 1.
1890 1776 1991 1821 quaest.
2005 1788 2047 1823 ⁴7.

1103 1828 1192 1865 part.
1217 1831 1246 1852 1.
1271 1831 1358 1854 num.
1377 1829 1454 1863 3¹2·
1473 1819 1508 1856 ἀγ
1533 1830 1610 1865 320.
1633 1820 1686 1854 led
1704 1819 1772 1855 imo
1794 1820 1841 1854 illi
1862 1822 2016 1858 adhaeret
2035 1850 2049 1865 ‚

1106 1866 1186 1913 quia
1211 1867 1290 1901 licet
1313 1865 1411 1900 usura
1436 1866 1472 1902 fit
1500 1867 1650 1909 furtum,
1675 1869 1708 1903 &
1739 1869 1870 1916 rapina,
1899 1884 1928 1905 c.
1954 1871 2050 1918 10.fi

1106 1918 1176 1962 quis
1196 1917 1309 1962 usuras
1335 1926 1384 1956 ¹4·
1418 1915 1521 1961 quaest.
1543 1927 1576 1958 4.
1605 1915 1698 1957 imo,
1733 1915 1814 1951 licet
1844 1917 1883 1952 fit
1905 1918 2049 1955 homici-

1106 1963 1198 1997 dium
1216 1989 1226 2003 ,
1251 1962 1330 2011 quia
1348 1963 1519 1997 crudelior
1534 1964 1598 2005 cll,
1615 1964 1676 2011 qui
1696 1965 1845 2000 trucidat
1862 1976 2054 2013 pauperem⁴

1106 2021 1183 2044 carn
1210 2010 1366 2052 foenore,
1398 2021 1498 2058 quam
1521 2012 1582 2058 qui
1609 2011 1738 2059 aliquid
1763 2012 1927 2050 subtrahit
1946 2041 1956 2055 ,
1990 2015 2049 2051 vel,

1106 2058 1204 2104 eripit
1222 2059 1337 2100 diviti,
1365 2072 1415 2093 ca.
1439 2058 1623 2101 undecimo,
1653 2060 1733 2107 quid
1754 2061 1864 2096 dicam
1889 2063 1964 2098 ead.
1987 2075 2040 2106 14.

1103 2108 1206 2153 quaesi.
1226 2120 1260 2149 4.
1287 2118 1396 2141 tamen
1418 2105 1517 2141 etiam
1538 2106 1663 2143 furtum
1679 2133 1688 2148 ,
1719 2108 1849 2156 rapina,
1874 2111 1908 2144 &
1931 2110 2044 2146 homi-

1104 2155 1229 2189 cidium
1249 2155 1340 2189 licite
1363 2154 1627 2190 committuntur
1646 2166 1768 2191 contra
1787 2156 1915 2192 hostem
1932 2171 2044 2194 occu-

1104 2215 1253 2249 patorem
1274 2201 1432 2250 injustum
1446 2228 1457 2243 ,
1477 2214 1515 2237 ut
1535 2202 1602 2237 dixi
1623 2205 1657 2237 d.
1674 2204 1772 2239 limit.
1791 2217 1848 2239 20.
1864 2217 1895 2241 n.
1908 2219 1941 2249 4.
1963 2206 2044 2242 Nec

1101 2251 1234 2296 placent
1249 2251 1329 2286 duae
1344 2251 1471 2296 priores
1488 2251 1687 2297 opinioneS‚
1712 2253 1796 2299 quia
1823 2253 1878 2287 lex
1894 2254 1961 2289 Dei
1980 2254 2042 2289 da-

1101 2310 1156 2333 tur
1177 2299 1344 2340 virtuolis,
1359 2301 1392 2333 &
1404 2310 1472 2333 non
1489 2299 1610 2334 tolerat
1623 2300 1724 2341 mala,
1740 2312 1801 2346 per
1812 2313 1870 2341 ea,
1891 2315 1973 2350 quae
1990 2302 2040 2337 se-

1099 2358 1232 2393 quutus
1255 2347 1324 2381 sum
1337 2373 1346 2387 ,
1382 2357 1465 2392 upra
1483 2349 1550 2392 §.L
1566 2348 1669 2394 quaest.
1683 2360 1715 2394 7.
1727 2360 1806 2395 par.
1820 2362 1851 2384 2.
1869 2351 2033 2398 amphio.

1088 2396 1154 2441 sith
1169 2408 1201 2430 n.
1212 2408 1268 2438 44.
1285 2349 1434 2441 versilc-ul.
1449 2398 1547 2429 ratio.

1146 2443 1291 2478 Declara
1306 2443 1408 2479 tertio
1427 2453 1489 2488 pro
1502 2441 1724 2489 intelligentia
1741 2444 1942 2481 statutorum
1961 2447 2032 2483 Ge·
2044 2463 2094 2498 49

1095 2502 1175 2527 nuae
1191 2493 1249 2526 lib.
1267 2504 1301 2533 4.
1330 2504 1376 2537 ¹7·
1396 2492 1427 2536 ξ.
1441 2491 1642 2536 securitates
1660 2504 1720 2526 non
1738 2493 1846 2539 poffint
1866 2496 1922 2541 ἓξ.
1935 2497 2032 2543 seqq.

1094 2550 1133 2574 ut
1154 2539 1302 2584 pretinm
1325 2538 1490 2585 periculi,
1516 2539 1550 2573 δε
1569 2539 1744 2574 consteum
1767 2543 1956 2577 securitatis
1971 2544 2033 2580 sint

1094 2587 1181 2622 idern
1199 2601 1211 2631 ;
1234 2587 1421 2622 securitatis
1439 2598 1585 2634 namque
1598 2587 1744 2633 pretium
1758 2617 1768 2632 ,
1781 2591 1948 2635 consteum,
1966 2603 2032 2626 vo-

1094 2644 1193 2680 cant·,
1209 2636 1299 2672 &ita
1316 2636 1413 2670 etiam
1432 2645 1577 2670 vocatur
1593 2636 1612 2670 a
1630 2637 1896 2680 mercatoribus,
1929 2640 1962 2674 ὃς
1977 2638 2033 2685 ju-

1094 2695 1131 2718 re
1153 2683 1305 2730 quidem,
1324 2684 1404 2731 quia
1422 2681 1527 2717 debet
1541 2683 1693 2718 constare
1716 2696 1757 2720 ex
1779 2687 1973 2733 quantitate
1995 2688 2031 2722 &

1092 2732 1258 2778 qualitate
1269 2733 1332 2772 rei,
1356 2731 1413 2764 seu
1429 2731 1651 2779 obligationis
1664 2759 1674 2774 ‚
1694 2732 1814 2782 illique
1832 2735 2030 2782 correspon-

1092 2782 1192 2821 dere,
1220 2791 1259 2814 ut
1274 2780 1374 2814 latius
1391 2778 1459 2812 dixi
1480 2782 1569 2827 infra
1579 2781 1644 2826 sub
1663 2793 1693 2816 n.
1709 2793 1763 2826 5¹·

1140 2827 1288 2863 Declara
1301 2839 1440 2875 quarto,
1455 2839 1493 2862 ut
1507 2840 1540 2862 m
1554 2828 1644 2862 omni
1659 2830 1833 2864 contrastu
1844 2857 1856 2873 ,
1873 2829 1929 2865 sed
1941 2841 2027 2876 prae-
2042 2835 2087 2872 50

1093 2875 1193 2923 cipue
1228 2876 1260 2910 in
1292 2875 1470 2911 contraClu
1507 2875 1679 2911 societatis
1702 2903 1712 2918 ,
1752 2877 1874 2913 debeat
1906 2878 2028 2913 servari

1091 2923 1268 2971 aequalitas
1283 2951 1293 2966 ‚
1326 2924 1373 2958 ita
1399 2933 1439 2957 ut
1463 2923 1496 2958 in
1520 2925 1678 2963 omnibus
1703 2926 1905 2973 aequalitas,
1936 2926 2030 2974 judi-

1090 2973 1147 3006 cio
1173 2971 1349 3018 prudentis
1373 2971 1534 3006 servanda
1557 2973 1596 3006 sit
1613 2999 1623 3014 ,
1655 2974 1789 3008 Navar.
1821 2978 1855 3008 in
1881 2978 2035 3010 manteau

1088 3020 1210 3068 confeff.
1229 3034 1257 3055 c.
1285 3032 1336 3067 ¹7·
1364 3021 1407 3053 de
1427 3021 1526 3067 uficra
1547 3023 1580 3054 in
1594 3022 1755 3067 societate
1771 3048 1781 3064 ,
1803 3035 1926 3057 numer.
1948 3033 2029 3066 ²52·

1088 3070 1181 3113 verse.
1201 3069 1248 3103 ad
1269 3068 1347 3108 hoc,
1366 3067 1414 3101 ihi
1430 3094 1440 3109 ‚
1463 3071 1594 3103 tertium
1617 3079 1663 3102 ut.
1687 3067 1768 3116 quia
1787 3070 1809 3104 fi
1829 3083 1896 3104 non
1919 3070 2029 3104 serva-

1088 3128 1180 3151 retur
1195 3116 1390 3164 aequalitas,
1417 3114 1591 3151 diceretur
1614 3116 1754 3151 societas
1771 3118 1904 3152 leonina
1917 3145 1927 3160 ,
1944 3129 2028 3166 quae

1087 3164 1133 3198 est
1159 3166 1358 3211 reprobata,
1386 3164 1496 3204 Paris.
1529 3163 1618 3209 coifi.
1647 3176 1706 3208 90.
1729 3167 1806 3200 vidi
1821 3166 1997 3215 proceffum
2014 3172 2034 3209 ‚'

1085 3224 1169 3247 num.
1189 3224 1249 3255 44.
1278 3212 1338 3246 lib.
1356 3224 1385 3246 ι.
1407 3211 1440 3249 (ρ’
1462 3212 1578 3252 Rolan.
1599 3212 1620 3246 ιὶ
1641 3213 1733 3247 Vall.
1752 3215 1841 3259 consi.
1867 3227 1918 3260 ¹3·
1935 3215 2028 3248 alias

1085 3263 1117 3294 in
1133 3260 1203 3305 fine
1224 3286 1234 3300 ,
1261 3260 1344 3295 libro
1366 3272 1400 3302 4.
1430 3259 1464 3294 &
1511 3271 1566 3293 uae
1592 3259 1724 3296 dicatur
1751 3262 1893 3296 societas
1919 3261 2036 3297 leonii

1083 3319 1146 3350 na,
1171 3308 1249 3342 vide
1269 3309 1350 3344 Alc.
1365 3308 1460 3344 tract.
1505 3320 1521 3340 e
1536 3309 1720 3356 praesumpt.
1737 3319 1813 3356 par.
1835 3322 1865 3355 3.
1883 3322 1951 3358 reg.
1965 3321 2024 3355 ²5·

1083 3368 1170 3391 num.
1189 3370 1219 3392 2.
1239 3367 1313 3390 tom.
1327 3368 1362 3398 4.
1373 3356 1441 3403 fol.
1462 3368 1541 3401 3¹2·
1567 3367 1691 3390 nornen
1716 3367 1827 3392 autem
1853 3355 2025 3392 societatis

1084 3403 1231 3440 leoninae
1263 3403 1342 3438 inde
1375 3414 1489 3440 ortum
1517 3403 1666 3444 volunt,
1703 3404 1802 3450 quod
1831 3417 1909 3441 cum
1940 3406 2021 3448 leo,

1084 3453 1223 3499 vulpes,
1250 3452 1283 3486 ὃ(
1305 3451 1411 3487 asinus
1432 3448 1627 3487 societatem
1645 3450 1789 3487 iniiffent
1804 3479 1813 3494 ‚
1836 3454 2023 3501 posteaque

1083 3500 1230 3546 praedam
1255 3498 1430 3541 fecissent,
1458 3500 1492 3533 δε
1519 3498 1625 3532 asinus
1655 3510 1725 3534 earn
1752 3503 1863 3548 aequis
1895 3500 2021 3536 divisis-

1082 3548 1130 3582 set
1154 3547 1393 3594 portionibus,
1424 3548 1457 3581 &
1481 3546 1536 3580 leo
1554 3545 1657 3580 iratus
1682 3548 1860 3584 occidisset
1881 3550 2020 3591 afinum5

1083 3596 1223 3642 vulpes,
1254 3595 1352 3630 dosta
1386 3594 1464 3627 asini
1488 3591 1676 3630 infortunio
1698 3622 1708 3636 ,
1735 3597 1867 3638 divifit,
1900 3598 1934 3631 δε
1963 3595 2021 3630 fibi

1085 3655 1217 3690 parvam
1245 3640 1324 3678 fecit
1344 3648 1471 3689 partem
1491 3667 1500 3682 ,
1529 3641 1564 3675 δε
1587 3642 1750 3691 reliquam
1768 3643 1852 3679 dixit
1869 3643 1934 3678 esse
1949 3644 2020 3678 leo·

1082 3691 1153 3728 nis:
1176 3701 1258 3727 tunc
1272 3687 1432 3739 qnaesivit
1445 3689 1499 3727 leo
1512 3688 1556 3725 ab
1577 3701 1635 3732 ea,
1661 3692 1738 3773 quNis
1752 3703 1823 3728 earn
1839 3690 2020 3732 docuisset,

1737 3751 1758 3772 u
1982 3747 2024 3773 '08
