2400 3939
226 151 244 179 ἱ

321 186 466 279 ,458

313 1865 336 1898 9

295 2450 340 2475 ¹0

305 3461 345 3484 12

403 262 612 309 Respondeo
631 288 640 302 ,
662 263 743 309 quia
769 259 820 294 isti
840 258 939 299 libri,
964 268 1052 304 quos
1070 266 1195 290 vocant
1214 265 1285 306 car-

353 312 474 349 tularia
490 338 498 350 ,
520 310 753 345 conficiuntur
767 335 776 350 ‚
795 309 828 342 &
846 306 1088 341 custodiuntur
1105 303 1240 339 Genua}
1253 314 1286 336 in

354 361 461 396 domo
485 356 670 404 S.Ge0rgii
689 384 698 397 ,
723 368 804 404 quae
829 355 884 406 est.
897 364 1004 400 prope
1031 353 1172 399 plateam
1199 350 1286 384 Ban-

355 409 499 444 chorum
514 434 524 448 ‚
544 406 703 442 adiittus
727 404 822 439 maris
842 429 852 444 ,
877 412 909 434 iri
932 411 1038 446 ponte
1057 408 1284 449 mercatu-rael,

343 459 391 493 ’ὃς
415 457 449 489 in
474 455 538 489 hac
570 453 677 489 domo
704 452 777 487 sunt
805 459 957 497 quatuor
980 459 1115 483 centum
1147 456 1286 493 viginti-

355 504 445 540 mille
470 504 546 538 loca
567 511 800 547 comperarum
823 497 1009 542 &Georgii
1031 522 1040 536 ‚
1065 507 1145 542 quae
1169 496 1211 546 tid
1235 505 1284 528 ra-

357 552 454 588 tione
478 551 650 584 scutorum
665 559 719 593 ²5·
732 559 794 593 pro
808 545 965 593 quolibet
978 547 1058 578 ioco
1073 542 1286 577 constituunt

358 599 473 634 decies
492 598 610 631 decern
625 606 769 630 centena
785 593 885 627 millia
900 603 1079 626 aureorum
1100 601 1284 631 nummum,

359 649 394 682 &
420 646 575 694 quinque
601 653 740 678 centum
764 642 853 676 mille
881 639 996 674 scutos
1027 666 1036 681 ‚
1068 639 1090 672 fi
1115 638 1284 673 credimus

362 695 461 732 Alex.
483 692 591 728 Raud.
612 694 644 725 in
663 691 809 738 opusculo
823 691 922 736 super
937 688 1030 722 banc.
1052 686 1238 732 S.Ambros.
1253 698 1284 719 n.

366 745 418 777 18.
445 743 477 776 &
499 751 586 775 unus
608 739 707 774 locus
728 737 840 773 reddit
859 747 926 770 tres
942 762 950 776 ,
980 736 1032 770 vel
1056 746 1121 769 tres
1138 745 1214 768 curn
1233 733 1286 767 di-

361 790 467 826 midio
493 801 553 835 pro
576 787 734 835 quolibet
758 784 953 820 centenario
970 784 1003 818 in
1019 782 1084 817 fine
1103 781 1285 828 cujussibet

361 838 437 873 anni
466 864 476 879 ‚
505 838 539 871 &
569 836 832 881 sorslnunquam
861 833 967 878 repeti
998 831 1110 877 potest
1138 856 1148 871 ‚
1183 830 1286 865 Alex.

360 886 470 920 Raud.
493 886 549 919 ubi
567 887 666 930 supra
684 895 774 928 n.i7.
802 882 836 916 ὃς
857 880 902 915 de
926 881 992 914 illis
1008 881 1092 914 locis
1112 889 1287 924 comper&

358 945 433 968 rum
458 934 599 968 locutus
612 931 680 964 sum
698 931 796 963 etiam
809 931 910 976 stiper
922 929 1234 974 §.1.q.r.num.452.
1253 929 1286 961 ὃς

350 983 446 1030 seqq.
473 982 507 1015 δε
540 981 616 1015 liaec
646 977 810 1012 sufficiant
835 977 926 1012 circa
958 975 1016 1010 has
1041 974 1196 1022 quinque
1226 986 1286 1021 qq.

361 1030 442 1076 quia
459 1030 623 1076 pleraque
645 1037 685 1060 ex
706 1026 803 1059 dietis
819 1025 850 1058 in
865 1024 913 1058 eis
933 1024 1117 1058 confissunt
1134 1024 1165 1056 iii
1185 1023 1285 1064 facto,

362 1079 408 1113 de
429 1078 530 1123 cujus
554 1076 697 1110 veritate
718 1073 855 1108 remitto
870 1084 923 1106 me
942 1071 984 1105 ad
999 1083 1060 1107 eos
1075 1097 1084 1113 ,
1103 1069 1163 1117 qui
1182 1071 1288 1119 magis

364 1137 465 1174 quam
491 1137 558 1171 ego
581 1123 658 1158 sunt
685 1120 865 1157 informati.
1104 1124 1113 1130 “
1183 1131 1190 1137 ‘

413 1174 550 1217 Quaero
580 1172 672 1205 sexto
689 1196 698 1210 ‚
731 1182 771 1203 an
793 1168 944 1215 campsor
969 1167 1119 1204 creditor
1141 1166 1288 1208 cambii,

365 1221 409 1256 de
427 1233 500 1268 quo
524 1219 656 1254 constet
679 1217 784 1252 solum
804 1218 837 1250 in
862 1218 980 1264 aliquo
1006 1228 1043 1250 ex
1070 1217 1252 1251 cartulariis
1280 1242 1288 1255 ‚

365 1269 486 1305 litteris
514 1267 632 1302 cambii
656 1278 725 1302 non
749 1264 914 1301 confeelis
940 1292 950 1307 ‚
984 1265 1083 1311 poslit
1113 1276 1215 1311 agere
1240 1264 1289 1297 vi-

366 1329 454 1365 gore
477 1316 641 1352 extractus
667 1313 832 1350 cartularii
856 1325 974 1349 contra
995 1312 1214 1359 campsorium
1231 1312 1290 1346 de-

367 1367 511 1403 bitorem
538 1364 552 1399 ζ

415 1412 622 1459 Respondeo
644 1437 654 1453 ‚
678 1410 776 1459 quod
801 1411 934 1456 potest,
955 1409 1036 1458 quia
1063 1420 1154 1443 extra
1180 1419 1292 1443 cartu-

370 1462 527 1497 lariorum
555 1461 589 1495 S.
607 1459 750 1506 Georgii
775 1458 898 1494 liabent
933 1458 1168 1493 executionem
1200 1469 1293 1502 pard-

370 1523 437 1546 tani
455 1536 465 1551 ,
488 1519 648 1555 tanquam
665 1507 880 1542 instrumenta
904 1508 1038 1552 pcblici
1056 1532 1065 1546 ,
1085 1517 1123 1540 ut
1142 1505 1292 1550 disponi-

371 1569 427 1594 tur
448 1558 480 1591 in
507 1557 639 1592 statutis
654 1582 663 1597 ‚
683 1556 777 1590 realis
796 1558 886 1589 initio
904 1556 999 1598 hujus
1015 1556 1063 1602 gl.
1084 1554 1199 1601 junclo
1224 1566 1266 1587 eo
1284 1579 1293 1593 ,

370 1606 467 1654 quod
487 1605 639 1651 sequitur
654 1630 664 1645 ,
688 1604 722 1638 ὃς
744 1604 762 1637 a
781 1603 877 1638 nobis
903 1603 950 1636 est
983 1606 1121 1636 relatum
1150 1605 1181 1634 in
1206 1602 1293 1650 gloff.

359 1657 455 1702 seqq.
476 1655 509 1689 &
536 1654 605 1687 hoc
622 1664 688 1687 non
705 1652 807 1686 habet
825 1651 1055 1686 difficultatem
1074 1676 1083 1691 ‚
1107 1650 1184 1696 quia
1204 1662 1294 1683 crim-

370 1703 461 1738 bium
482 1701 592 1749 potest
610 1700 764 1735 contrahi
786 1711 845 1745 per
862 1699 1115 1733 instrumentum
1139 1711 1172 1732 ,ι
1190 1709 1295 1732 cxii-a-

370 1751 461 1786 stum
489 1751 556 1784 sine
576 1748 694 1785 litteris
709 1775 719 1790 ,
743 1758 780 1782 ut
799 1747 908 1795 scripsi
920 1749 1026 1795 stapra
1051 1749 1117 1792 §.n
1141 1748 1243 1793 quaest.
1264 1757 1293 1791 5.

360 1800 426 1849 suh
443 1811 536 1834 n.io.
556 1801 592 1835 <9‘
604 1800 694 1844 seqq.
714 1798 747 1832 ὠ
764 1809 855 1842 n.i7.
1225 1842 1231 1846 ι

421 1847 566 1881 Declara
581 1846 689 1892 primo
704 1845 788 1878 lianc
802 1844 1044 1890 responsionem
1059 1871 1067 1883 ‚
1084 1855 1123 1878 ut
1139 1842 1160 1876 fi
1175 1854 1250 1889 quis
1265 1842 1294 1875 in

373 1895 578 1935 cartulario,
602 1893 655 1928 seu
677 1893 743 1926 alio
769 1892 991 1926 instrumento
1014 1891 1181 1938 acceperit
1205 1902 1295 1924 carn-

373 1944 445 1984 bio,
464 1955 526 1989 pro
543 1953 616 1989 quo
634 1940 832 1987 promiserit,
851 1939 953 1987 seque
969 1939 1170 1985 obligaverit
1186 1938 1290 1973 confi-

373 2004 451 2026 cere
465 1992 590 2025 litteras
605 1989 726 2024 cambii
745 1999 897 2023 teneatur
910 1999 993 2022 tunc
1009 2000 1076 2022 non
1092 1989 1133 2022 ad
1152 1986 1294 2022 solutio-

373 2051 447 2074 nem
478 2038 695 2086 pecuniarum
719 2063 729 2079 ‚
751 2036 894 2071 astarum
918 2036 1050 2071 cambio
1074 2063 1084 2078 ‚
1108 2036 1164 2070 sed
1188 2035 1294 2069 solum

373 2089 416 2123 ad
433 2086 625 2122 faciendum
639 2086 766 2120 litteras
785 2085 925 2124 cambii,
951 2086 983 2118 ὅ(
1006 2086 1050 2118 iia
1069 2084 1296 2129 intelligemus

369 2138 444 2181 stat.
460 2140 492 2170 in
506 2137 562 2171 d.c
576 2146 609 2176 4.
633 2136 725 2168 initio
747 2133 842 2167 lib.2.
866 2131 947 2180 quia
971 2132 1162 2167 contradus
1178 2130 1298 2165 cambii

371 2197 440 2219 non
463 2183 590 2218 dicitur
619 2181 787 2227 perfectus
815 2207 824 2220 ‚
853 2193 921 2214 non
947 2180 1110 2215 consestis
1141 2180 1259 2214 litteris
1283 2206 1292 2220 ,

371 2243 458 2280 quas
483 2230 683 2276 campsarius
707 2228 856 2276 promisit
876 2227 1008 2269 facere,
1035 2230 1068 2262 ὅ(
1088 2229 1167 2263 ideo
1182 2240 1296 2274 camp-

369 2281 426 2316 sor
454 2280 590 2314 debebit
621 2278 713 2324 prius
742 2287 842 2323 agere
867 2275 910 2311 ad
936 2275 1175 2323 perfestioiiem
1212 2288 1297 2310 con-

371 2329 496 2363 “aetus
525 2354 535 2368 ‚
569 2326 762 2374 priusquam
798 2325 896 2371 poiiit
933 2336 1033 2372 agere
1062 2325 1104 2360 ad
1141 2323 1296 2359 effeetum

372 2375 578 2412 contractus.

420 2424 627 2460 Subdeclara
654 2422 739 2456 hanc
762 2421 1023 2456 declarationem
1055 2431 1094 2457 ut
1123 2422 1145 2456 fi
1172 2421 1297 2456 litterae

371 2473 491 2508 cambii
518 2472 614 2506 fatiae
639 2483 706 2506 non
731 2470 855 2504 suerint
885 2470 971 2504 intra
998 2482 1187 2516 congruum
1212 2482 1295 2504 iem-

369 2532 434 2568 pus
453 2521 676 2555 nundinarum
690 2545 700 2559 ‚
722 2518 839 2564 inspici
863 2529 1024 2563 oporteat
1039 2544 1048 2558 ,
1065 2520 1109 2553 tib
1123 2519 1224 2564 cujus
1242 2529 1296 2551 ne-

369 2569 564 2615 gligentiam
595 2567 692 2601 safiae
711 2579 778 2600 non
804 2566 928 2600 fuerint
945 2592 954 2605 ,
979 2579 1050 2600 nam
1077 2567 1098 2600 fi
1122 2567 1167 2601 ob
1183 2577 1296 2611 camp-

370 2617 451 2652 soris
475 2616 713 2662 negligentiam
741 2641 750 2655 ,
777 2615 837 2662 qui
865 2625 920 2647 eas
944 2626 1012 2649 non
1034 2615 1168 2660 petierit
1192 2641 1202 2655 ‚
1233 2613 1296 2648 isso

370 2665 450 2700 casu
472 2663 622 2710 campsor
638 2661 745 2709 posset
770 2674 870 2710 agere
889 2661 993 2697 solum
1015 2663 1059 2696 ad
1083 2662 1294 2709 repetendam

369 2713 491 2749 sortem
525 2712 634 2746 datam
660 2737 669 2752 ‚
703 2711 736 2745 δε
769 2723 836 2745 non
865 2709 906 2744 ad
942 2709 1064 2746 sortem
1089 2723 1167 2746 curn
1199 2711 1296 2745 lucro

369 2761 490 2796 cambii
519 2770 601 2806 puta
619 2758 640 2791 si
670 2758 804 2794 dederit
834 2757 950 2792 scutos
986 2771 1087 2793 1000.
1117 2771 1180 2805 pro
1209 2758 1295 2793 scut.

369 2818 470 2853 ποις.
491 2807 699 2847 marcharum
715 2833 725 2848 ‚
744 2805 871 2853 poterit
892 2816 1044 2851 repetere
1058 2807 1164 2841 solum
1183 2806 1298 2841 sentos

376 2869 478 2892 1000.
502 2855 582 2905 quia
605 2855 773 2889 cambium
795 2865 866 2888 nori
885 2853 1003 2889 habuit
1026 2854 1181 2889 effeeum
1201 2866 1208 2888 ε
1226 2856 1259 2889 &
1276 2854 1296 2890 ἐ

371 2905 538 2940 converso
565 2930 575 2945 ,
606 2902 806 2950 campsarius
841 2912 977 2937 tenetur
1012 2903 1186 2938 restituere
1222 2903 1298 2937 illos

371 2953 458 2988 scut.
479 2965 577 2988 roeo.
595 2951 693 2985 etiarn
710 2951 732 2984 fi
747 2950 902 2984 daremus
922 2950 1029 2986 casum
1044 2978 1054 2992 ‚
1071 2952 1168 2998 quod
1186 2962 1297 2996 camp-

372 3001 463 3037 sores
483 3000 516 3035 iii
544 2999 602 3041 illo
625 2997 702 3034 foro
725 2997 943 3042 perdidissent
962 2999 1005 3034 de
1021 3000 1182 3045 capitale,
1203 3001 1299 3044 Juxta

372 3061 411 3084 ea
425 3075 435 3090 ‚
460 3060 539 3095 quae
561 3045 901 3094 scripfisp.§.r.q.7.
917 3057 992 3092 par.
1010 3048 1109 3094 uficb
1131 3059 1244 3090 nu.94.
1263 3048 1298 3084 ό

374 3107 432 3142 95.
457 3097 538 3143 quia
556 3094 718 3129 resolutio
741 3094 859 3129 cambii
876 3106 942 3128 non
962 3094 1063 3130 debet
1085 3095 1297 3130 claudicare:

376 3145 488 3179 minus
512 3143 609 3178 etiam
634 3143 744 3188 posset
763 3140 914 3187 campsor
938 3153 1063 3189 cogere
1086 3142 1300 3189 campsarium

378 3243 404 3285 †
428 3240 484 3274 sed
506 3240 528 3273 ss
548 3239 645 3273 faelae
667 3250 735 3273 non
755 3237 876 3272 fuerint
893 3238 940 3271 ob
957 3250 1082 3273 moram
1097 3237 1272 3284 *campsorii
1290 3265 1299 3278 ‚

379 3288 442 3323 isso
469 3287 546 3322 casu
571 3285 722 3333 campsor
741 3284 852 3332 posset
865 3296 965 3331 agere
979 3287 1021 3320 ad
1037 3287 1156 3321 sortem
1171 3312 1180 3327 ,
1199 3286 1231 3319 ὃ(
1251 3287 1299 3319 lu-

379 3348 474 3371 crum
491 3333 608 3369 cambii
631 3345 694 3380 pro
718 3332 872 3369 interesse
886 3333 973 3368 lucri
994 3333 1147 3370 cessantis
1162 3359 1170 3375 ‚
1186 3334 1302 3381 sicque

382 3383 423 3417 ad
451 3382 563 3418 sentos
594 3392 693 3427 ¹0²5·

429 3431 573 3466 Declara
597 3428 765 3470 secundo,
789 3439 828 3464 ut
850 3429 872 3463 fi
893 3428 1042 3475 campsor
1062 3429 1203 3464 haberet
1233 3438 1300 3462 tam

339 3515 346 3524 ,
384 3478 504 3523 vigore
520 3478 728 3512 instrumenti
745 3503 754 3519 ,
775 3477 831 3511 seu
858 3478 992 3511 extrasti
1014 3477 1210 3524 S.Georgii‚
1228 3489 1300 3510 nam

381 3525 502 3571 vigore
524 3526 705 3560 litterarum
728 3525 849 3560 cambii
873 3526 1061 3571 obligatum
1087 3523 1300 3570 campsarium

380 3585 445 3620 pro
466 3574 581 3607 litteris
597 3573 714 3607 cambii
730 3599 740 3614 ,
757 3574 790 3607 ὅ(
806 3584 846 3607 ex
860 3573 972 3607 statuti
988 3573 1205 3618 dispositione
1221 3572 1303 3605 alius

381 3620 461 3656 esset
484 3619 583 3655 datus
612 3622 703 3655 ordo
730 3620 852 3666 agendi
880 3633 941 3666 pro
963 3621 1113 3655 extrastu
1129 3646 1139 3661 ,
1164 3621 1198 3653 δε
1220 3620 1305 3653 alius

379 3668 502 3715 agendi
529 3679 591 3715 pro
608 3667 728 3704 litteris
742 3694 751 3710 ‚
777 3669 811 3702 ὅς
826 3668 977 3715 campsor
995 3667 1124 3716 egisset.
1133 3667 1305 3715 proline-

665 168 1019 254 Sigismundi
1044 168 1291 227 Scacciae
1317 163 1513 228 Tracst.
1542 168 1618 227 de
1640 168 1930 229 Commer.

1341 256 1384 290 ris
1402 283 1411 297 ,
1439 256 1472 290 ὃς
1495 254 1630 302 agendo
1648 281 1656 294 ‚
1680 251 1837 288 omisisset
1859 250 1991 298 aliquid
2002 266 2026 294 ³27-
2039 251 2136 300 quod
2157 248 2268 289 fuisset

1343 305 1386 338 de
1414 303 1533 337 ordine
1550 329 1559 343 ‚
1588 305 1621 337 ὅς
1647 313 1715 336 non
1738 299 1849 335 suisset
1868 300 1912 334 de
1933 299 2054 335 ordine
2077 327 2087 341 ‚
2114 300 2269 349 ideoque

1343 351 1506 398 potuisset
1526 351 1636 386 omitti
1653 377 1662 390 ,
1683 350 1704 383 si
1724 348 1839 395 egisset
1859 359 1921 394 pro
1941 349 2088 384 extradu
2108 375 2118 389 ,
2143 350 2267 390 debeat·

1343 399 1564 434 succumbere
1586 399 1618 433 in
1641 399 1697 432 illo
1717 396 1852 443 judicio
1869 422 1879 436 ‚
1899 408 1958 441 per
1977 407 2012 430 ea
2030 423 2038 438 ‚
2059 409 2138 444 quae
2153 397 2268 432 scribit*

1343 449 1422 482 Bal.
1439 450 1472 481 in
1487 449 1512 481 l.
1528 446 1712 493 antepemcl.
1732 446 1850 479 Behius
1867 445 2050 478 Marcellus
2076 445 2169 489 verfi.
2192 457 2266 479 nota

1342 508 1470 543 argum.
1493 496 1535 540 ff.
1561 495 1602 528 de
1623 495 1711 542 puel.
1735 494 1801 526 dot.
1821 493 1957 533 dicetis,
1975 493 2072 540 qnod
2095 494 2116 527 fi
2134 494 2259 527 habens

1342 543 1558 577 instrumenta
1573 567 1582 582 ,
1606 551 1697 588 petat
1715 541 1946 576 executionem
1966 541 2066 576 unitis
2080 566 2090 583 ,
2114 555 2179 577 non
2204 553 2265 587 po·

1343 591 1406 625 test
1429 590 1584 626 obtinere
1602 601 1642 623 ex
1667 590 1757 630 alio,
1778 589 1810 622 in
1834 600 1905 635 quo
1932 602 1998 626 non
2022 589 2052 624 se
2081 587 2262 630 fundavit,

1343 639 1399 673 sed
1419 649 1506 685 opus
1526 637 1572 671 est
1595 638 1655 672 alia
1678 650 1768 672 nova
1787 637 1935 670 instantia
1960 639 1993 671 δε
2011 649 2069 682 per
2088 649 2127 671 ea
2144 664 2153 678 ,
2182 649 2266 685 quae

1344 686 1485 733 copiose
1507 685 1615 731 scripsi
1636 689 1668 719 in
1683 697 1750 719 meo
1763 688 1858 720 traft‘.
1876 684 1916 718 de
1928 687 2048 733 appell.
2063 700 2093 733 q.
2104 696 2155 730 ¹7·
2165 688 2262 721 limic.

1342 746 1470 779 9.n.44.
1490 735 1623 781 &seqq.
1643 735 1675 768 δι
1697 733 1740 768 ita
1756 731 1954 767 servaretur.
2247 749 2252 755 ·

1392 782 1549 817 Extende
1569 781 1678 829 primo
1705 776 1790 815 hanc
1810 781 2073 816 declarationem
2090 807 2098 822 ‚
2121 791 2159 817 ut
2182 794 2263 828 pro-

1344 831 1443 866 cedat
1459 831 1557 865 etiam
1571 855 1580 870 ,
1602 829 1708 864 stante
1727 829 1794 864 alio
1812 828 1961 870 statuto,
1979 829 2075 876 quod
2100 829 2134 864 iti
2159 831 2266 867 causis

1344 879 1549 926 procedatur
1564 877 1737 911 summarie
1749 904 1759 919 ‚
1777 877 1967 922 simpliciter
1979 903 1988 920 ,
2007 878 2050 911 de
2064 879 2166 924 plano
2182 905 2192 920 ‚
2205 879 2266 915 sub

1346 927 1482 963 vinculo
1519 926 1697 972 Juraznenti
1723 951 1732 966 ‚
1767 926 1884 960 habito
1916 925 2043 970 semper
2071 926 2199 962 intuitu
2223 929 2267 962 ad

1344 975 1458 1010 Deum
1474 1001 1483 1016 ‚
1500 977 1534 1010 ὅ(
1553 973 1595 1009 ad
1615 974 1788 1008 veritatem
1805 973 1934 1019 negotii
1949 999 1958 1014 ,
1977 975 2044 1008 &a
2059 985 2163 1020 prout
2179 987 2268 1010 man-

1345 1023 1425 1058 dant
1438 1023 1559 1058 statuta
1575 1022 1688 1056 Genuae
1703 1021 1796 1056 liba.
1811 1035 1838 1056 c.
1855 1023 1896 1055 de
1912 1034 2001 1057 caus.
2019 1024 2126 1057 ordin.
2144 1024 2181 1058 &
2197 1035 2265 1058 mo-

1348 1083 1431 1107 veor
1452 1082 1491 1105 ex
1514 1071 1664 1105 duobus.
1686 1069 1801 1114 Primo
1816 1095 1826 1110 ‚
1856 1069 1936 1117 quia
1967 1071 2133 1116 ejusmodi
2163 1073 2266 1106 verba

1343 1131 1411 1154 non
1437 1118 1566 1154 fuciunt
1597 1117 1725 1152 causam
1755 1118 1959 1152 summariam
1981 1144 1991 1157 ,
2026 1117 2081 1152 sed
2109 1119 2265 1155 mandant

1344 1166 1486 1213 procedi
1511 1166 1723 1201 brevioribus
1740 1166 1960 1201 dilationibus
1975 1192 1985 1207 ‚
2007 1169 2267 1207 remanentibus.
2322 1194 2325 1202 ,

1345 1212 1612 1250 substantialibus
1632 1213 1755 1261 Judicii
1781 1213 1938 1248 ordinarii
1957 1241 1968 1255 ‚
1996 1225 2034 1249 ut
2054 1214 2123 1249 dixi
2145 1219 2178 1249 in
2199 1227 2267 1249 meo

1345 1264 1438 1298 rrasl.
1456 1263 1498 1297 de
1515 1264 1622 1307 judic.
1638 1263 1726 1309 caus.
1750 1263 1813 1299 &a
1832 1262 1927 1297 liba.
1945 1263 2107 1310 c.53.sub
2119 1275 2149 1298 n.
2161 1275 2211 1305 ¹4·
2233 1265 2268 1299 δε

1346 1311 1426 1346 ideo
1443 1310 1530 1344 idem
1552 1312 1715 1345 statutum
1734 1310 1835 1345 habet
1858 1313 2021 1344 rubricam
2036 1312 2080 1345 de
2092 1311 2196 1346 causis
2210 1324 2266 1347 or-

1347 1359 1491 1394 dinariis.
1508 1361 1533 1404 †
1547 1358 1710 1394 Secundo
1725 1384 1734 1399 ‚
1756 1359 1836 1406 quia
1852 1359 1949 1392 etiam
1965 1358 1986 1392 si
2006 1359 2166 1394 statutum
2180 1372 2267 1397 mari-

1349 1408 1444 1442 daret
1458 1434 1466 1446 ,
1486 1407 1625 1453 procedi
1642 1407 1708 1441 sine
1722 1408 1844 1441 ordine
1860 1406 1980 1452 judicii
1991 1435 1999 1447 ,
2014 1407 2068 1442 seu
2079 1434 2088 1448 ,
2110 1407 2178 1442 sola
2191 1406 2268 1442 faffl

1350 1455 1491 1490 veritate
1504 1455 1645 1502 inspecta
1656 1482 1666 1496 ‚
1683 1466 1790 1490 tamen
1807 1467 1877 1489 tion
1893 1456 2088 1490 excluderet
2104 1455 2267 1496 ordinem.

1349 1515 1449 1551 quem
1466 1515 1562 1538 antea
1576 1530 1586 1545 ,
1608 1505 1660 1537 vel
1678 1502 1792 1549 postea
1807 1503 1972 1538 dedillent
1987 1504 2020 1538 iri
2033 1503 2144 1551 aliqua
2159 1503 2269 1551 specie

1351 1551 1521 1586 causarum
1542 1564 1553 1593 3
1577 1552 1611 1587 &
1637 1551 1721 1586 ratio
1746 1552 1792 1585 est
1809 1578 1820 1593 ‚
1843 1562 1914 1586 tum
1938 1551 2020 1599 quia
2042 1551 2089 1586 est
2113 1551 2270 1587 evitanda

1349 1600 1517 1634 correstio
1542 1600 1742 1635 statutorum
1762 1625 1770 1640 ‚
1791 1610 1830 1634 ut
1848 1599 1916 1634 dixi
1940 1601 1974 1634 d.
1992 1601 2087 1637 liba.
2109 1601 2199 1636 c.65.
2213 1613 2268 1637 nu.

1355 1661 1407 1683 io.
1433 1649 1466 1683 &
1489 1648 1571 1683 ideo
1593 1648 1673 1684 licet
1694 1647 1855 1682 statutum
1876 1648 1974 1684 tollat
1992 1660 2123 1684 omnem
2144 1659 2269 1695 excep-

1352 1707 1479 1731 tionem
1495 1723 1502 1737 ,
1522 1707 1630 1731 tamen
1653 1706 1926 1742 poterit-opponi
1944 1707 2102 1742 exceptio
2116 1723 2126 1737 ‚
2146 1708 2270 1743 prove·

1351 1745 1444 1779 niens
1464 1757 1503 1779 ex
1518 1744 1586 1778 alio
1604 1746 1713 1792 capite
1730 1744 1929 1779 statutorum
1945 1771 1954 1784 ,
1970 1746 2050 1792 quia
2063 1757 2131 1779 non
2147 1745 2194 1779 est
2211 1756 2270 1779 ve-

1351 1793 1481 1827 risimile
1505 1819 1514 1833 ,
1536 1794 1633 1840 quod
1657 1793 1689 1827 se
1710 1792 1814 1838 ipsum
1841 1793 1986 1827 voluerit
2017 1794 2190 1838 corrigere
2211 1804 2270 1839 per

1351 1841 1404 1874 illa
1428 1842 1528 1876 verba
1549 1841 1716 1885 generalia
1733 1867 1742 1882 ‚
1769 1843 1851 1875 Bar.
1875 1843 1909 1873 in
1934 1842 1956 1876 l.
1986 1855 2014 1876 1.
2039 1842 2070 1886 §-
2099 1843 2134 1878 &
2155 1844 2269 1888 parvi.

1342 1891 1407 1936 suh
1425 1902 1478 1924 nu.
1499 1891 1574 1935 5.ff.
1593 1891 1677 1936 quod
1698 1892 1736 1923 vi
1751 1900 1811 1922 aut
1829 1890 1928 1923 clam.
1951 1900 2022 1924 tum
2037 1889 2117 1937 quia
2130 1889 2182 1924 lex
2198 1889 2272 1923 fim-

1351 1939 1426 1983 plex
1441 1964 1450 1978 ‚
1477 1938 1509 1974 &
1526 1938 1688 1984 generalis
1709 1948 1881 1984 nunquam
1903 1936 2045 1973 refertur
2072 1938 2115 1973 ad
2133 1937 2243 1972 casum
2258 1962 2270 1979 ,

1350 1987 1383 2019 in
1405 1998 1477 2034 quo
1499 1986 1545 2020 est
1569 1985 1738 2033 provisum
1758 1985 1952 2020 nominatim
1983 2013 1993 2028 ,
2015 1987 2048 2020 δε
2068 1985 2100 2019 in
2129 1986 2242 2032 specie
2259 2012 2270 2027 ,

1352 2035 1386 2069 &
1409 2035 1461 2068 lex
1479 2046 1567 2069 nova
1582 2061 1593 2076 ‚
1615 2035 1789 2081 corrigens
1804 2044 1950 2068 veterem
1964 2060 1974 2073 ‚
1993 2047 2061 2069 non
2074 2033 2272 2080 intelligitur

1352 2094 1422 2116 eam
1447 2083 1618 2129 corrigere
1639 2082 1672 2116 in
1691 2083 1788 2122 casu,
1805 2081 1838 2115 in
1858 2093 1930 2129 quo
1946 2081 2000 2116 illa
2020 2083 2072 2116 lex
2089 2093 2188 2118 vetus
2200 2080 2272 2128 spe·

1351 2131 1479 2165 cialiter
1493 2131 1644 2176 providit
1657 2158 1667 2172 ,
1690 2130 1748 2164 nisi
1769 2141 1839 2164 eam
1858 2131 1891 2164 in
1906 2142 1951 2166 eo
1968 2128 2272 2176 specialiter-corri->

1351 2190 1410 2222 gat
1421 2205 1430 2220 ‚
1451 2179 1529 2224 quia
1550 2179 1594 2213 de
1608 2192 1651 2213 eo
1669 2178 1766 2226 quod
1780 2177 1826 2212 est
1841 2190 1961 2213 notatu
1976 2179 2117 2226 dignum
2129 2204 2142 2222 ‚
2167 2178 2273 2214 debet

1350 2227 1422 2261 fieri
1437 2226 1566 2262 mentio
1586 2227 1745 2273 specialis,
1768 2237 1808 2260 ut
1825 2227 1901 2261 haec
1916 2228 2026 2261 omnia
2042 2227 2174 2264 secutus
2188 2227 2271 2269 sum,

1350 2279 1383 2309 in
1408 2276 1442 2309 d.
1458 2287 1527 2308 meo
1542 2286 1626 2310 trac.
1645 2277 1687 2310 de
1699 2275 1772 2318 jud.
1787 2286 1877 2310 caus.
1895 2275 2022 2310 libam.
2035 2288 2068 2320 9.
2081 2287 2220 2324 n.i734.
2236 2276 2272 2313 ὠ

1338 2325 1433 2370 seqq.
1459 2332 1528 2358 tum
1553 2323 1687 2358 demum
1707 2334 1786 2373 quiri
1810 2324 1925 2370 generi
1941 2335 1999 2369 per
2015 2323 2158 2370 speciem
2173 2322 2272 2358 dero-

1349 2383 1450 2417 gatur
1466 2397 1475 2412 ‚
1498 2371 1566 2406 five
1586 2372 1710 2419 species
1726 2371 1886 2418 sequatur
1902 2398 1912 2412 ‚
1930 2372 1997 2406 sive
2013 2374 2188 2419 procedat,
2205 2372 2272 2408 sive

1350 2421 1449 2453 fimus
1470 2419 1502 2453 in
1519 2420 1662 2466 legibus,
1679 2420 1745 2454 sive
1770 2422 1801 2453 in
1821 2420 1952 2454 statutis
1966 2446 1977 2460 ,
1998 2432 2036 2456 ut
2051 2419 2272 2455 secutuesum

1351 2472 1384 2502 in
1401 2480 1468 2502 meo
1489 2469 1586 2503 irati.
1612 2469 1654 2502 de
1668 2469 1790 2516 appell.
1810 2479 1921 2516 qli-¹7·
1938 2468 2037 2504 limit.
2054 2473 2088 2505 6.
2106 2468 2220 2504 memb.
2235 2480 2271 2511 4.

1338 2517 1405 2565 sub
1423 2527 1513 2558 n.24.
1529 2526 1584 2561 ις.
1608 2518 1644 2553 &²
1663 2519 1748 2564 seqq.
2173 2552 2176 2556 ,
2202 2549 2205 2551 ,

1397 2565 1553 2599 Extende
1568 2557 1717 2600 secundo
1731 2591 1741 2606 ‚
1758 2576 1797 2600 ut
1814 2564 1980 2612 procedat
1992 2593 2000 2607 ‚
2013 2563 2112 2602 etiam
2130 2565 2152 2599 si
2165 2564 2277 2602 statu-

1350 2622 1421 2648 tum
1437 2625 1505 2647 non
1522 2613 1676 2659 disponat
1690 2640 1700 2654 ‚
1717 2614 1813 2650 aliter
1828 2613 2082 2660 procedendum
2095 2612 2160 2648 esse
2173 2614 2272 2662 snper

1350 2672 1420 2696 uno
1435 2686 1444 2700 ,
1465 2672 1566 2708 quam
1593 2662 1689 2708 super
1707 2662 1774 2697 alio
1791 2688 1800 2704 ‚
1823 2661 1903 2709 quia
1920 2662 2135 2698 nibilominus
2153 2663 2174 2698 si
2194 2664 2273 2711 quis

1351 2709 1459 2755 egerit
1486 2709 1528 2743 ad
1556 2710 1788 2746 executionem
1813 2710 1912 2744 unius
1939 2711 2146 2746 instrumenti
2167 2737 2177 2753 ‚
2205 2724 2275 2747 non

1350 2757 1461 2803 potest
1480 2768 1550 2790 eam
1572 2757 1728 2792 obtinere
1749 2770 1788 2792 ex
1804 2758 1872 2792 alio
1885 2784 1895 2797 .
1908 2768 1947 2793 ut
1962 2770 2064 2805 puta,
2079 2758 2140 2805 qui
2154 2759 2187 2793 in
2201 2771 2273 2795 uno

1350 2806 1570 2840 instrumento
1593 2807 1811 2841 contineatur
1832 2806 1998 2852 obligatio
2008 2807 2143 2854 fimplex
2159 2833 2169 2848 ‚
2189 2808 2225 2842 Sc
2239 2807 2273 2841 in

1350 2853 1416 2887 alio
1436 2852 1601 2899 obligatio
1625 2865 1702 2888 curri
1727 2853 1889 2889 dilatione
1911 2854 2071 2900 temporis
2085 2854 2129 2889 ad
2142 2853 2273 2890 solven-

1351 2902 1431 2935 dum
1451 2902 1504 2935 vel
1527 2901 1560 2934 in
1578 2913 1648 2936 uno
1669 2903 1888 2936 instrumento
1912 2903 2126 2938 contineatur
2141 2903 2273 2950 obliga-

1353 2950 1403 2984 tio
1428 2948 1573 2994 plurium
1597 2949 1805 2996 simpliciter,
1836 2951 1870 2986 &
1899 2950 1934 2985 in
1959 2951 2025 2986 alio
2051 2951 2219 2998 obligatio
2241 2951 2275 2986 in

1352 2999 1496 3031 solidum
1511 3023 1521 3037 ‚
1548 2998 1628 3045 quia
1649 2998 1746 3033 etiam
1773 2998 1836 3034 islo
1859 2998 1935 3033 casu
1958 3010 2060 3044 agens
2079 3012 2118 3034 ex
2139 3009 2208 3035 uno
2223 3000 2273 3034 in·

1353 3046 1538 3098 strumento
1554 3071 1564 3086 ,
1578 3058 1646 3080 non
1668 3046 1779 3092 potest
1801 3047 1954 3081 obtinere
1974 3059 2014 3081 ex
2032 3048 2098 3083 alio
2114 3073 2125 3088 ,
2141 3058 2183 3082 ex
2199 3058 2273 3094 quo
2304 3083 2306 3085 .
2353 3068 2356 3072 ’

1353 3106 1422 3128 non
1447 3104 1518 3139 egit
1538 3120 1549 3136 ‚
1571 3094 1651 3140 quia
1674 3106 1726 3129 via
1741 3120 1750 3134 ,
1772 3105 1872 3142 quam
1895 3096 1998 3141 elegit
2019 3123 2029 3136 ‚
2050 3096 2108 3130 sibi
2125 3105 2240 3141 pateat
2261 3121 2272 3135 ‚

1318 3180 1331 3191 's
1354 3152 1393 3176 ut
1414 3141 1446 3175 in
1467 3141 1540 3175 aliis
1556 3141 1702 3176 terminis
1717 3141 1825 3188 scripsi
1846 3145 1879 3177 in
1891 3156 1959 3177 meo
1975 3145 2071 3179 εναξῗ.
2088 3144 2130 3178 de
2149 3143 2272 3191 appell;

380 3193 421 3226 ad
448 3189 688 3237 perficiendum
708 3189 874 3224 cambium
895 3201 956 3235 pro
979 3190 1137 3225 nundinis
1162 3189 1298 3224 futuris.

1353 3200 1437 3237 q.17.
1457 3191 1589 3231 limit.9.
1598 3190 1662 3236 sub
1683 3203 1712 3226 n,
1730 3201 1788 3234 45.
1807 3191 1900 3231 verli.
1917 3195 2011 3226 ratlo.

1401 3237 1599 3283 Kestringe,
1617 3238 1670 3272 seu
1685 3249 1799 3284 potius
1816 3238 1947 3274 declara
1962 3239 2046 3274 hanc
2063 3240 2268 3280 extensione,

1354 3293 1394 3319 ut
1415 3287 1582 3331 procedit,
1600 3287 1738 3333 quando
1760 3285 1945 3332 scriptum,
1968 3287 2023 3322 seu
2043 3288 2270 3334 obligationes

1354 3333 1430 3367 sunt
1440 3334 1525 3367 inter
1539 3333 1570 3368 se
1584 3333 1629 3367 ita
1646 3333 1856 3379 separatae,ut
1867 3346 1934 3371 una
1946 3346 2014 3374 non
2029 3335 2090 3370 stet
2100 3331 2272 3377 declarati-

1356 3391 1408 3420 ve,
1423 3383 1456 3416 &
1470 3382 1608 3416 relative
1623 3381 1664 3415 ad
1677 3383 1751 3422 aira,
1769 3382 1865 3416 secus
1878 3378 2095 3429 quandouna
2111 3383 2273 3430 scriptura

1355 3429 1418 3463 star.
1434 3428 1634 3467 auxiliaris-e,
1649 3428 1901 3475 correspeetive,
1913 3432 1947 3465 ὅ(
1961 3431 2099 3466 relative
2110 3430 2152 3465 ad
2166 3430 2288 3472 aliam„

1355 3480 1389 3511 δι
1402 3477 1496 3510 simul
1515 3476 1797 3522 producerentur,
1812 3479 1892 3524 quia
1905 3478 1968 3514 isto
1981 3478 2061 3512 ‘casu
2075 3479 2155 3514 licet
2177 3490 2274 3524 pete-

1357 3535 1449 3558 retur
1467 3525 1626 3559 executio
1646 3525 1744 3560 unius
1765 3536 1805 3559 ex
1823 3526 1888 3560 iiiis
1905 3525 2074 3573 scripturis
2101 3527 2276 3572 prodiistis

1358 3583 1476 3613 tamen,
1490 3583 1526 3606 ut
1539 3572 1692 3613 arbitror,
1713 3573 1838 3617 poterit
1850 3573 1991 3609 obtineri
2006 3573 2104 3608 etiam
2127 3570 2167 3611 ex
2189 3575 2252 3609 alia
2266 3585 2276 3609 :

1357 3622 1391 3655 &
1412 3620 1490 3654 alias
1505 3619 1605 3654 habui
1624 3619 1654 3652 in
1670 3621 1757 3655 insto
1778 3621 1888 3662 casum
1900 3646 1910 3661 ‚
1934 3621 1968 3655 in
1989 3633 2062 3668 quo
2078 3622 2277 3670 campsarius

1357 3678 1419 3714 pro
1434 3669 1476 3709 se,
1490 3669 1522 3703 &
1534 3667 1636 3702 sociis
1645 3667 1682 3712 in
1692 3668 1757 3703 vim
1772 3662 1907 3715 miditi,
1916 3671 2013 3717 quod
2023 3670 2065 3705 ab
2075 3670 2278 3708 eisvhabebat

2188 3731 2278 3755 acci-

2309 2548 2357 2618 ΙςΔ

2380 1770 2393 1809 J,
2380 1600 2390 1729 ⁵---4

2397 3301 2400 3306 t
2391 3136 2400 3284 *ae-J-‘sss—
2390 2988 2391 2994 ⁴
2390 2966 2392 2971 ⁴
2390 2944 2392 2954 ’
