2400 3939
42 917 84 957 ⁵5

27 2741 70 2781 ⁵7

16 3546 58 3594 5⁸

857 144 920 210 -§.
945 137 1062 200 VI.
1097 134 1276 201 Gloff.
1301 139 1343 200 1.

133 225 230 280 quod
249 227 404 269 Veneriis
420 238 514 267 erant
529 229 623 269 cives
648 228 753 280 justi,
784 231 946 267 catholici
972 231 1007 266 dc
1035 231 1091 266 de-

133 281 292 315 testantes
312 278 423 315 usuras
442 280 616 329 plusquam
629 280 661 315 in
675 279 785 327 aliqua
801 279 962 320 Civitate,
976 281 1008 312 in
1023 290 1091 327 qua

132 326 201 374 ipse
214 338 337 364 moram
357 328 491 362 traxerit
508 340 522 371 3
540 329 573 363 <Sc
588 327 686 375 quod
703 327 834 362 idcirco
846 353 855 368 ,
873 337 950 361 cum
963 327 1017 361 illa
1032 340 1090 361 im-

131 375 265 422 prestita
289 375 413 410 fuerint
433 387 543 410 creata
565 376 720 411 Venetiis
736 374 756 409 a
782 383 935 421 ternpore
957 399 967 417 ‚
989 377 1090 423 cujus

130 423 216 457 initii
238 424 396 458 memoria
417 435 486 458 non
508 424 641 466 existit,
664 424 804 458 credere
830 422 953 458 debent
978 423 1087 458 homi-

129 480 188 505 nes
208 471 360 507 moderni
381 472 542 517 temporis
557 498 567 513 ‚
593 484 710 507 eorum
729 470 911 518 antiqiioS‚
931 472 990 518 qui
1015 471 1087 507 sue-

129 527 208 552 runt
230 518 381 554 homines
399 519 585 561 catholici,
608 521 641 555 δε
663 519 806 560 devoti,
829 530 866 554 ut
890 520 1088 555 attestantur

129 576 273 612 corpora
297 566 491 602 sanatorum
509 593 517 608 ,
543 580 625 616 quae
650 568 693 601 ibi
719 567 793 603 sunt
813 593 822 607 ,
843 567 877 602 ἀ
900 567 1085 604 multitudo

125 612 348 650 Eccleiiarum
373 642 382 657 ‚
409 616 442 650 ὅ(
466 613 751 652 Monasteriorum
774 640 785 657 ,
813 616 846 650 &
875 626 991 650 eorum
1017 628 1085 651 rna-

123 660 249 708 gnifica
270 674 461 699 ornamenta
482 689 492 702 ,
517 663 704 710 ¹imprellita
724 675 790 698 non
819 661 994 698 instituisse
1018 664 1085 699 sine

123 719 245 756 magna
269 711 496 759 providentia.
524 714 540 758 (
564 713 644 748 faxit
667 713 789 752 Deus,
806 710 902 760 quod
928 711 1008 747 tales
1025 712 1085 748 lint

122 755 248 793 Veneti
277 759 430 795 moderni
460 785 469 800 ,
499 770 537 794 ut
563 760 649 795 iden
670 788 680 803 ‚
707 760 804 809 quod
832 758 965 806 sumpsit
999 771 1084 805 prat-

124 801 214 840 fatus
238 807 372 843 Doctor
393 819 627 854 argumentum
664 835 674 850 ,
695 808 776 844 sumi
798 806 896 857 possit
924 807 1023 842 etiam
1051 807 1084 843 in

123 855 303 898 posterum.
322 856 340 901 )

172 901 240 936 Sed
263 914 326 936 nos
350 901 504 938 videmus
520 931 529 945 ‚
554 903 651 953 quod
673 903 768 940 multi
789 902 968 938 Christiani
984 930 994 945 ‚
1023 902 1083 951 qui

115 949 197 991 ,sunt
223 952 323 986 bonae
345 951 564 987 conscieiitiae
579 979 589 994 ‚
613 953 645 987 in
671 951 806 987 diversis
828 951 912 985 locis
927 961 1082 986 exercent

121 997 314 1045 hujusmodi
337 1000 499 1036 cambium
516 1027 525 1041 ,
543 1012 580 1036 ut
605 1001 742 1035 reflatur
756 999 859 1034 Mich.
877 1000 945 1034 Sal.
961 1001 1079 1046 inficit.

119 1059 194 1095 ergo
222 1046 286 1082 &a
317 1047 351 1084 <ss
372 1047 415 1080 ab
436 1047 493 1082 hoc
520 1052 705 1098 argumenti
727 1060 846 1097 genere
869 1060 928 1081 non
947 1048 1082 1082 viderur

119 1094 287 1142 discedere
303 1096 439 1129 Nitvar.
457 1098 488 1129 in
508 1109 591 1130 man.
609 1094 897 1144 ⁶⁰²ff'ffs·¹7·sub
909 1095 1078 1138 num.296.

117 1144 235 1185 verfits
250 1142 305 1182 fin.
331 1144 420 1188 vers.
438 1154 496 1189 pro
518 1145 724 1190 affirmativa
738 1170 748 1185 ,
769 1143 825 1178 ubi
838 1169 847 1183 ,
868 1143 1023 1190 loquendo
1038 1143 1081 1176 de

117 1193 195 1235 casu
218 1190 360 1229 cambii,
381 1190 424 1223 de
442 1204 500 1237 quo
517 1204 572 1225 nos
588 1194 657 1239 sup.
674 1195 742 1239 §.n
762 1203 790 1238 q.
813 1201 841 1236 5.
858 1202 946 1224 num.
968 1203 1022 1236 5¹.
1041 1192 1076 1228 ὠ*

115 1239 204 1286 infra
222 1238 255 1282 §.
271 1250 304 1280 9.
318 1250 438 1271 num-1.
467 1247 501 1273 ω’
521 1242 612 1287 seqq.
642 1240 688 1274 ait
703 1266 711 1280 ,
738 1238 836 1287 quod
860 1237 1009 1274 infinitus
1032 1238 1079 1273 est

115 1297 272 1320 numerus
300 1286 566 1321 christianorum
595 1288 835 1329 honestorum,
862 1286 921 1334 qui
944 1286 1002 1322 illo
1019 1298 1076 1333 ger

115 1344 196 1367 nere
220 1334 337 1368 cambii
364 1333 506 1375 vivunt,
532 1335 618 1370 inter
644 1347 731 1383 quos
755 1336 800 1369 ait
821 1334 955 1380 reperiri
979 1336 1078 1370 etiam

115 1378 370 1416 Redemi-iem
388 1407 397 1421 ‚
421 1393 479 1428 qui
505 1394 642 1425 omnes,
671 1385 782 1430 inquit
799 1410 808 1424 ,
837 1380 1043 1418 confitentur
1068 1408 1078 1423 ,

116 1429 334 1464 absolvuntur
351 1455 359 1470 ‚
378 1429 410 1464 ἀ
428 1433 678 1466 communicarit
700 1431 879 1478 quotannis
892 1457 900 1469 ,
927 1433 959 1465 8(
977 1442 1076 1465 teme-

115 1477 235 1514 rarium
260 1477 394 1511 videtur
413 1489 473 1512 eos
500 1490 616 1513 omnes
633 1506 642 1521 ,
664 1480 698 1514 ὃ(
722 1490 838 1514 eorum
861 1478 1078 1522 confessarios

111 1524 277 1561 damnare.
1033 1523 1036 1526 ⁴

161 1573 239 1608 Imo
258 1573 304 1607 ita
327 1574 465 1620 publice
489 1585 575 1609 exer.
589 1584 645 1608 ent
663 1600 671 1614 ‚
687 1585 725 1609 ut
742 1573 913 1608 verisimile
931 1573 967 1609 sit
983 1600 992 1615 ‚
1012 1573 1074 1609 hu-

112 1620 168 1667 }us
189 1621 307 1655 tambii
326 1621 432 1657 usitati
448 1624 603 1658 notitiam
628 1622 813 1667 perveniile
830 1621 873 1656 ad
899 1622 1073 1657 Summum

111 1668 311 1704 Pontificem
328 1697 337 1710 ,
357 1671 390 1704 ὃ(
413 1672 568 1705 locorum
597 1671 759 1704 antistites
778 1698 784 1711 ,
807 1671 866 1715 qui
884 1697 894 1712 ,
920 1669 943 1704 fi
965 1671 1070 1704 existi-

111 1728 262 1758 marem,
285 1717 348 1752 esse
365 1718 519 1753 illicitum
533 1745 543 1760 ‚
561 1718 642 1752 illud
663 1731 730 1752 non
754 1721 951 1759 tolerarent,
968 1718 1072 1755 Mich.

111 1766 181 1800 sal.
207 1768 253 1801 D.
267 1764 376 1801 Thom.
395 1779 428 1801 ι.
455 1779 487 1801 2.
509 1768 575 1813 post
601 1767 693 1814 q.78.
716 1769 748 1800 in
769 1767 887 1816 disput.
905 1767 947 1800 de
967 1766 1070 1801 camb.

133 1825 165 1847 u.
180 1826 214 1855 4.
234 1817 333 1848 anic.
353 1825 384 1848 2.
405 1826 504 1848 contr.
531 1815 662 1862 12.Jub
686 1826 771 1849 num.
798 1817 829 1849 6.
857 1816 944 1860 vers.
968 1827 1017 1848 me
1038 1817 1072 1848 in

133 1873 196 1895 ane
219 1871 295 1895 tom.
326 1874 357 1896 2.
376 1863 443 1908 fol.
475 1874 554 1909 59¹.
579 1874 653 1897 narn
686 1862 831 1896 Romani
856 1861 1038 1897 Pontifices
1060 1887 1071 1904 ‚

109 1906 191 1955 justi
216 1909 251 1944 ὃς
271 1908 369 1944 saneti
391 1910 452 1944 viri
474 1936 483 1952 ,
507 1909 567 1957 qui
590 1908 851 1946 consuetudines
874 1921 991 1956 pravas
1019 1911 1071 1945 lo-

110 1967 230 1991 corum
268 1959 532 2003 reprobaverunt
570 1970 629 2005 per
667 1958 740 1992 suas
773 1959 1035 1994 constitutiones
1060 1984 1070 2000 ‚

110 2004 203 2038 istam
224 2005 500 2042 consuetudinem
530 2018 592 2040 cari
605 2008 736 2046 brorum
759 2017 930 2055 nunquam
958 2017 1072 2053 repro-

109 2051 274 2088 baverunt
303 2064 315 2096 ;
341 2065 403 2089 nec
431 2052 541 2100 potest
570 2053 638 2088 dici
663 2054 759 2100 quod
780 2054 865 2088 illam
889 2054 1070 2101 ignorent,

109 2111 188 2136 curn
210 2101 364 2137 omnibus
386 2102 455 2136 fere
481 2101 731 2138 Christianianis
756 2103 860 2150 princi
889 2104 963 2137 ibus
988 2113 1071 2137 nota

108 2146 176 2189 fit,
203 2148 237 2184 ὅ(
266 2149 360 2184 multi
386 2150 485 2185 etiam
507 2150 650 2196 religiosi
674 2150 734 2185 viri
764 2151 848 2197 huju
869 2149 960 2185 modi
983 2161 1069 2185 cam-

109 2195 154 2232 bii
176 2197 383 2233 contradunt
397 2224 408 2240 ‚
434 2197 635 2244 accipiendo
658 2197 768 2233 saliem
790 2225 799 2240 ‚
827 2200 941 2234 ineunt
961 2223 970 2237 ,
993 2209 1070 2244 pro-

109 2253 148 2279 ut
183 2245 276 2280 simili
315 2257 516 2293 argumento
553 2246 584 2279 in
626 2246 814 2293 impressitis
849 2246 1069 2281 venetiarum

108 2292 221 2332 utitur
255 2293 343 2328 idem
370 2298 458 2331 Perr,
487 2295 529 2328 de
556 2294 664 2329 Anch.
700 2307 791 2343 quem
820 2295 921 2342 refert
947 2296 999 2330 Jo.
1027 2294 1070 2328 de

107 2343 221 2377 Anan.
245 2343 280 2377 d.
305 2353 334 2378 c.
361 2345 394 2376 in
417 2345 556 2376 civitate
573 2342 639 2390 sub
660 2355 744 2377 num.
778 2354 829 2390 ¹7·
850 2344 937 2388 vers.
962 2344 1069 2390 quinto

105 2390 275 2439 probatur.

158 2437 307 2478 Octavo,
319 2436 401 2485 quia
414 2448 524 2484 neque
539 2437 686 2479 Genuae,
701 2448 814 2485 neque
823 2438 901 2474 alibi
913 2465 923 2479 ‚
940 2441 958 2486 (
972 2437 1069 2485 quod

109 2485 154 2522 ad
176 2486 239 2520 mei
265 2485 419 2521 notitiam
445 2486 633 2531 pervenerit
661 2488 679 2532 )
704 2486 808 2520 Curia
839 2485 1068 2521 Eccleiiastica

110 2533 262 2569 molestat
290 2532 530 2568 contrahentes
555 2534 720 2568 cambium
748 2545 824 2569 curn
855 2535 983 2569 recursa
1002 2560 1010 2575 ‚
1034 2534 1068 2568 δε

111 2590 223 2617 tamen
244 2582 410 2616 cambium
438 2580 523 2615 issud
552 2581 599 2615 est
628 2583 759 2628 ubique
789 2582 821 2616 in
851 2579 1070 2630 frequentissi-

110 2641 168 2665 mo
183 2626 242 2666 usu
260 2655 271 2670 ‚
292 2640 330 2664 ut
349 2629 445 2665 retuli
457 2631 554 2676 supr.
572 2630 641 2674 §.t.
657 2642 724 2677 q.5.
736 2631 881 2675 num.83.
899 2632 986 2678 vers.
999 2632 1070 2677 pri-

108 2689 182 2712 mus
208 2679 333 2714 modus.

157 2723 278 2762 Tertia
308 2724 426 2771 opinio
454 2725 493 2761 fit
523 2737 640 2761 eorum
671 2752 681 2767 ‚
714 2725 773 2773 qui
812 2726 898 2759 hanc
929 2734 1067 2762 contro-

109 2773 244 2808 versiam
274 2784 366 2808 vario
393 2772 612 2809 diflinstionis
643 2773 774 2808 foedere
801 2773 982 2808 conciliare
1016 2775 1067 2810 vi-

106 2819 244 2857 dentur.

155 2869 337 2905 Distinffio
360 2869 463 2917 prima
475 2869 522 2904 est
537 2897 548 2912 ‚
573 2879 612 2906 ut
635 2869 752 2916 opinio
768 2895 777 2908 ,
795 2869 956 2903 affirmans
971 2895 979 2908 ‚
997 2868 1065 2906 hoe

105 2919 274 2953 cambium
295 2917 360 2953 esse
380 2917 534 2953 illicitum
549 2943 558 2958 ‚
577 2919 614 2953 sit
634 2929 712 2952 vera
726 2943 735 2957 ,
758 2917 779 2950 fi
800 2928 891 2951 mens
905 2942 914 2957 ‚
935 2914 992 2950 seu
1015 2918 1063 2952 in-

106 2965 215 3001 tentio
231 2966 497 3001 contrahentium
514 2966 550 3000 fit
566 2975 726 3012 corrupta
742 2991 751 3002 .
768 2964 868 2998 iil-,era
887 2975 968 2998 vero
989 2966 1063 3011 opi..

104 3012 164 3048 nio
179 3025 304 3060 negans
321 3041 331 3055 ‚
357 3013 422 3049 effe
439 3013 593 3048 illicitum
613 3040 624 3055 ‚
671 3012 826 3054 rocedat,
848 3011 869 3046 si
885 3012 1028 3048 intentio
1051 3038 1061 3056 ,

103 3060 159 3098 seu
176 3073 267 3096 mens
285 3074 351 3097 non
379 3062 416 3096 fit
431 3071 613 3108 corrupta,
638 3026 773 3095 K'avar.
789 3060 899 3105 consi.3
913 3073 938 3094 i.
965 3071 1061 3095 reve-

103 3109 198 3144 rend.
218 3112 302 3157 vers.
320 3122 353 3153 4.
375 3110 518 3144 notabile
533 3112 564 3142 in
579 3110 614 3150 fi.
635 3110 669 3146 (j
685 3121 772 3143 vers.
793 3106 998 3155 respondetur
1025 3109 1060 3146 ῤ’

101 3167 192 3192 vers.
215 3157 267 3192 his
288 3169 397 3192 tamen
415 3169 474 3191 non
491 3157 688 3201 obstantibus
702 3183 711 3195 .
729 3155 764 3192 &³
783 3158 868 3203 seqq.
882 3165 944 3203 per
958 3166 1059 3190 totum
1109 3166 1132 3202 q

101 3205 190 3239 illud
203 3206 362 3250 consilium
373 3231 382 3246 ,
397 3204 492 3250 lib.5.
509 3205 552 3237 de
568 3208 656 3251 usur.
673 3204 728 3238 ubi
742 3215 777 3237 re
793 3205 878 3238 bene
892 3203 1057 3240 intellecta

102 3251 135 3286 in
160 3254 250 3298 praxi
271 3254 314 3289 ad
336 3254 429 3287 ulum
452 3254 689 3287 mercatoriam
704 3278 713 3292 ,
744 3253 777 3285 &
806 3250 984 3296 diligenter
1012 3252 1055 3286 ad

99 3309 280 3349 utramque
292 3311 416 3348 partem
432 3297 571 3335 discussa
587 3299 692 3335 firmat
705 3326 715 3340 ‚
731 3299 800 3333 hoc
812 3300 976 3333 cambium
989 3299 1056 3334 esse

97 3347 228 3390 licitum
244 3376 255 3391 ‚
275 3348 429 3396 quamvis
445 3359 515 3383 cam
544 3348 595 3383 sor
613 3346 743 3382 mandet
767 3347 824 3382 suo
838 3348 951 3392 agenti
967 3374 974 3384 ,
996 3347 1052 3382 seu

97 3396 375 3442 correspondenti
387 3423 396 3436 ,
423 3405 462 3431 nt
486 3395 520 3430 so
536 3407 588 3431 vat
604 3395 673 3431 ilias
689 3397 814 3431 litteras
825 3421 833 3434 ,
859 3394 951 3442 qnasi
967 3394 1052 3440 ipse·

96 3454 164 3478 met
177 3446 328 3492 camplor
340 3471 349 3485 ‚
367 3444 427 3492 qui
441 3443 536 3479 dedit
547 3445 678 3479 cambio
692 3470 702 3486 ‚
718 3444 753 3478 fit
765 3442 862 3478 etiam
876 3442 1052 3489 fidejussor

97 3491 272 3537 ejusdem,
296 3492 354 3527 cui
380 3491 487 3528 dedit.

145 3538 327 3575 Distinfflo
344 3537 488 3575 secunda
504 3540 563 3582 est,
582 3551 621 3576 ut
637 3539 740 3582 prima
758 3536 875 3585 opinio
889 3538 1049 3574 affirmans

93 3588 256 3623 cambium
277 3587 342 3623 esse
365 3589 540 3628 illicztiim,
560 3588 722 3635 procedat
741 3587 764 3622 fi
788 3586 911 3623 solutio
930 3585 987 3623 fiat
1002 3587 1047 3622 de

90 3636 235 3683 propriis
248 3637 395 3682 pecuniis
414 3636 589 3685 campsoris
607 3637 666 3685 qui
685 3635 781 3671 dedit
807 3634 960 3677 cambio.
985 3637 1046 3670 Ro·

1993 174 2097 226 433

1140 231 1263 265 moaeld.
1284 231 1354 266 Coh'
1367 231 1461 270 trabi.
1481 228 1524 267 de
1539 228 1738 276 cumben.
1756 231 1857 268 altera
1875 245 1956 270 vero
1972 236 2102 282 opinio,

1140 289 1263 325 negans
1275 304 1285 320 ‚
1301 278 1366 315 eiI'e
1380 281 1529 318 illicitum
1542 306 1552 323 ‚
1567 281 1605 315 fit
1617 291 1695 315 vera
1707 305 1716 316 .
1731 279 1753 312 fi
1767 279 1893 317 solutio
1910 282 1968 317 fiat
1987 285 2031 318 de
2044 296 2101 331 pe·

1140 327 1250 360 cuniis
1261 327 1347 363 illius
1361 351 1371 371 ‚
1385 330 1447 378 qui
1464 329 1510 364 est
1521 325 1787 374 correspondens
1800 355 1809 370 ‚
1823 327 1877 364 seu
1893 341 1996 376 agens
2010 343 2100 366 cam-

1141 373 1267 420 psoris‚
1287 376 1345 423 qui
1359 377 1453 412 dedit
1465 377 1596 411 cambio
1610 402 1618 417 ‚
1637 376 1805 411 Romould.
1825 379 1919 412 irael
1937 378 1978 412 de
1992 380 2099 416 camb.

1142 430 1196 456 ιο.
1217 423 1252 459 (y
1275 435 1329 458 ιι.
1347 425 1382 462 ty
1400 426 1493 462 Joan.
1511 427 1618 459 Azor.
1633 427 1755 459 ciratus
1773 426 1861 470 infra
1869 425 1934 473 sub
1951 428 2097 462 num.60.

1140 472 1227 515 verfi
1248 474 1387 519 primus.

1189 517 1236 555 Et
1263 530 1339 554 curn
1364 519 1427 554 hac
1450 518 1566 555 eadem
1589 518 1803 555 distinetione
1834 521 1992 556 videntur
2015 535 2096 558 con·
2141 525 2184 560 59

1139 565 1282 601 cordate
1302 567 1448 614 capitula
1472 567 1661 602 Bononien.
1690 566 1886 604 confirmata
1913 570 1932 603 a
1959 570 2021 606 Pio
2050 572 2096 606 V.

1139 616 1172 650 &
1197 614 1386 660 responsum
1409 613 1573 649 Illussriis.
1601 616 1768 656 Cardinal.
1796 629 1877 665 quae
1898 618 2102 657 adduximus

1127 664 1205 710 sup·
1226 663 1293 710 sub
1323 674 1407 698 num.
1432 675 1490 707 43.
1524 671 1563 697 ut
1599 664 1764 698 cambium
1797 664 1940 700 recursae
1965 667 2003 703 iit
2027 668 2102 704 lici-

1139 719 1210 745 tum
1227 736 1238 752 ‚
1266 710 1288 743 si
1316 710 1438 745 solutio
1469 710 1527 746 fiat
1555 709 1599 745 de
1627 712 1780 757 pecuniis
1807 713 1896 747 illius
1921 739 1932 755 ‚
1963 715 2024 762 qui
2054 718 2102 753 est

1138 757 1402 804 correspondens
1423 784 1432 799 ,
1459 759 1514 795 seu
1540 769 1644 804 agens
1672 761 1853 806 campsoris
1877 788 1887 802 ‚
1918 763 1978 809 qui
2005 765 2102 802 dedit

1135 807 1270 840 cambio
1288 832 1298 847 ,
1323 805 1418 840 secus
1444 806 1466 839 si
1487 805 1544 840 fiat
1569 807 1613 840 de
1638 809 1792 853 pecuniis
1815 812 1960 855 propriis
1985 823 2101 861 camp-

1134 853 1216 888 soris
1231 880 1240 894 ‚
1260 853 1320 902 qui
1343 854 1440 888 dedit
1466 853 1598 889 cambio
1612 878 1621 893 ‚
1637 856 1716 902 quia
1735 856 1789 890 illa
1814 858 1912 892 verba
1933 859 2099 905 capitulo-

1136 912 1207 936 rum
1236 901 1498 937 Bononiensium
1519 914 1532 945 ·,
1553 903 1588 939 ὠ
1601 902 1668 949 far
1688 902 1746 936 che
1756 904 1847 948 fiano
1869 907 2050 953 recapitale
2065 911 2099 945 le

1136 949 1250 983 tenere
1254 952 1357 997 sopra
1372 950 1494 984 datori.
1511 952 1694 984 ostendunt
1709 976 1719 991 ,
1733 953 1946 999 canipsorem‚
1961 957 2021 1001 qui
2037 957 2098 992 de-

1135 995 1186 1032 dit
1205 999 1338 1032 cambio
1350 1023 1360 1038 ‚
1388 997 1482 1044 poise
1502 996 1568 1031 eise
1581 997 1805 1045 fidejufforem
1823 1026 1833 1041 ‚
1850 1000 1905 1034 seu
1923 1003 2097 1047 promisso·

1135 1055 1203 1079 rem
1239 1044 1368 1081 datoris
1395 1071 1404 1085 ‚
1431 1047 1464 1081 &
1501 1045 1548 1079 ita
1582 1046 1737 1081 illustriss.
1773 1047 2001 1091 Cardinalium
2032 1051 2095 1086 res-

1134 1093 1275 1139 ponsum
1301 1094 1538 1140 interpretatur
1567 1097 1620 1131 Jo.
1643 1095 1751 1130 Azor.
1780 1099 1903 1131 ciratus
1926 1100 2004 1145 infr.
2026 1099 2094 1149 sub

1132 1152 1220 1175 num.
1246 1145 1301 1176 60.

1179 1188 1362 1224 Distinfflo
1386 1190 1483 1224 tertia
1511 1190 1559 1224 est
1584 1216 1594 1231 ‚
1621 1201 1660 1225 ut
1685 1191 1801 1238 opinio
1824 1190 1983 1227 affirmans
2004 1204 2094 1231 cam-

1132 1236 1224 1271 bium
1248 1235 1313 1271 esse
1338 1238 1493 1273 illicitum
1517 1264 1527 1278 ‚
1552 1238 1693 1285 quando
1718 1239 1920 1285 campsoiius
1941 1253 2007 1276 non
2027 1255 2092 1289 po-

1133 1284 1194 1319 test
1221 1284 1343 1320 habere
1369 1286 1469 1319 alium
1493 1312 1505 1328 ‚
1535 1287 1596 1334 qui
1624 1286 1726 1332 ipfius
1753 1288 1887 1323 tio'mine
1910 1289 2090 1328 satisfaciat

1131 1331 1164 1366 in
1192 1332 1274 1368 loco
1298 1333 1461 1370 condisto
1478 1360 1489 1376 ,
1517 1345 1618 1383 quam
1643 1335 1747 1381 ipsum
1772 1336 1974 1382 campsorem
1994 1365 2004 1380 ‚
2034 1341 2088 1375 vel

1132 1379 1257 1415 socium
1286 1383 1358 1428 ejus
1375 1409 1384 1422 ‚
1410 1381 1464 1417 cui
1489 1383 1634 1428 pecunia
1660 1382 1691 1416 in
1718 1384 1774 1417 illo
1797 1384 1877 1418 loco
1899 1385 1946 1418 est
1971 1397 2087 1423 nume·

1131 1429 1232 1463 tanda
1259 1429 1296 1464 fit
1322 1429 1438 1475 opinio
1469 1430 1647 1475 probabilis
1668 1441 1681 1473 3
1705 1431 1784 1477 quia
1810 1431 1855 1465 est
1879 1433 2053 1478 probabile
2073 1462 2086 1479 ‚

1131 1475 1228 1522 quod
1244 1477 1392 1522 carr-psor
1407 1477 1471 1512 isto
1495 1476 1570 1514 casu
1584 1479 1642 1513 det
1660 1480 1701 1512 ad
1715 1479 1881 1514 cambium
1899 1490 2017 1517 contra
2033 1485 2087 1529 ju-

1128 1523 1246 1559 stitiam
1263 1551 1273 1566 ,
1296 1525 1414 1570 opinio
1438 1536 1519 1560 vero
1537 1551 1547 1567 ‚
1567 1538 1692 1572 negans
1708 1553 1717 1567 ‚
1745 1527 1910 1561 cambium
1939 1528 2005 1564 esse
2020 1531 2083 1565 iui-

1128 1572 1234 1606 citom
1251 1599 1258 1613 ‚
1286 1573 1322 1606 fit
1347 1573 1464 1619 opinio
1484 1585 1551 1608 non
1576 1574 1825 1620 improbabilis,
1852 1575 1886 1610 ὅ(
1910 1575 1947 1611 fit
1963 1576 2083 1626 specu-

1128 1620 1231 1654 lative
1256 1622 1363 1654 verior
1382 1647 1391 1661 ‚
1419 1620 1500 1667 quia
1522 1622 1625 1672 habet
1645 1632 1802 1670 urgentes
1824 1623 1969 1659 rationes
1984 1653 1994 1668 ‚
2023 1627 2082 1664 sed

1128 1678 1235 1701 tamen
1262 1669 1399 1703 omnino
1416 1669 1655 1710 diffuadeiida‚
1679 1681 1741 1706 nec
1767 1669 1866 1706 facile
1887 1675 2081 1719 permitten-

1125 1716 1167 1749 da
1180 1740 1190 1756 ‚
1218 1717 1356 1751 Leonar.
1373 1718 1450 1764 Lefl.
1473 1716 1516 1751 de
1531 1717 1605 1761 jud.
1627 1717 1668 1752 de
1683 1719 1758 1764 just.
1779 1719 1871 1754 lib.2.
1889 1733 1979 1766 ‘²²3-
1992 1735 2078 1760 num.

1125 1775 1181 1809 7¹·
1207 1763 1239 1798 &
1258 1765 1450 1799 concordant
1472 1765 1537 1799 alii
1559 1769 1790 1808 communiter,
1817 1778 1853 1802 ut
1875 1768 1946 1803 dixi·
1961 1771 2028 1818 sub
2044 1785 2075 1808 n.

1114 1813 1186 1858 seq.
1215 1815 1302 1859 veis.
1328 1815 1465 1859 primus,
1482 1813 1518 1851 ᾤ’
1538 1816 1628 1862 infra
1631 1813 1696 1862 fich
1709 1817 1891 1861 numer.83.
1909 1828 1996 1853 vers.
2011 1822 2076 1854 im-

1119 1869 1201 1906 pera
1210 1862 1366 1906 secundo.

1171 1906 1351 1944 Diiiinflio
1367 1919 1485 1955 quarta
1500 1909 1546 1944 est
1561 1936 1571 1950 ‚
1586 1919 1624 1945 ut
1646 1909 1764 1956 opinio
1783 1911 1943 1949 affirmans
1957 1940 1966 1955 ,
1985 1925 2074 1951 cam·
2112 1916 2157 1954 60
2191 1948 2194 1950 .

1121 1954 1214 1989 bium
1232 1955 1298 1990 esse
1315 1956 1444 1991 licitum
1458 1984 1466 1998 ,
1489 1959 1523 1992 ἀ
1544 1957 1725 1993 usurarium
1743 1959 2006 2008 praesumptione
2020 1964 2076 2011 ju-

1122 2004 1165 2036 ris
1179 2028 1188 2045 ,
1205 2004 1238 2039 ὅ(
1260 2003 1303 2037 de
1317 2005 1392 2050 jure
1411 2016 1451 2038 ex
1472 2005 1522 2040 Pii
1540 2006 1585 2040 V.
1605 2005 1853 2042 constitutione
1865 2011 2027 2053 procedat
2042 2012 2077 2047 iit

1121 2049 1199 2086 foro
1216 2053 1397 2093 exteriori,
1416 2053 1534 2100 opinio
1552 2065 1634 2089 vero
1651 2065 1796 2100 negans,
1818 2055 1879 2090 esse
1901 2056 2074 2103 illicitum,

1121 2099 1286 2144 procedat
1305 2099 1339 2134 iti
1355 2098 1432 2135 foro
1453 2101 1603 2137 interiori
1618 2128 1629 2143 ,
1646 2104 1785 2139 Leonas.
1803 2102 1882 2152 Leff.
1895 2105 2073 2155 d.cap.23.

1120 2157 1204 2181 num.
1245 2160 1276 2183 ι.

1170 2160 1331 2232 In⁷tanta
1358 2197 1555 2245 opinionum
1579 2197 1741 2234 varietate
1766 2221 1776 2242 ‚
1803 2200 1837 2236 dc
1862 2199 2038 2239 formidine
2062 2230 2077 2249 ,

1121 2254 1199 2278 curn
1222 2255 1289 2292 qua
1312 2244 1492 2293 Theologi
1516 2246 1705 2294 loquuntur
1727 2272 1738 2288 ‚
1761 2255 1829 2294 ego
1851 2261 1915 2295 pro
1942 2250 2077 2288 clariori

1120 2291 1326 2327 resolutione
1340 2295 1533 2340 praemitto,
1560 2294 1724 2330 cambium
1744 2307 1819 2332 cum
1842 2298 1967 2334 recursa
1985 2300 2075 2344 dici,

1119 2339 1258 2386 quando
1272 2342 1474 2387 campsorius
1490 2342 1523 2376 in
1539 2342 1679 2377 civitate
1698 2343 1836 2379 Genuae
1847 2345 1971 2393 accipit
1987 2359 2075 2383 cam-

1120 2387 1179 2422 bio
1197 2387 1312 2422 scutos
1340 2401 1442 2424 1000.
1467 2401 1531 2437 pro
1553 2390 1666 2438 primis
1691 2391 1844 2426 nundinis
1861 2391 2076 2441 Lugdunen.

1120 2435 1207 2471 sibus
1229 2459 1238 2477 ‚
1268 2437 1302 2472 δε
1326 2448 1404 2472 cum
1426 2446 1492 2473 non
1515 2450 1583 2474 non
1606 2437 1727 2474 babeat
1744 2437 1911 2487 Lugduni
1936 2468 1946 2484 ,
1972 2455 2076 2492 quem

1120 2482 1308 2530 cognoscat
1333 2512 1342 2527 ,
1370 2486 1405 2520 δε
1428 2486 1484 2520 cui
1509 2486 1607 2532 possit
1629 2487 1840 2523 committere
1862 2515 1873 2531 ‚
1903 2499 1941 2526 ut
1966 2491 2076 2528 solvat

1119 2531 1230 2566 dictos
1251 2532 1364 2568 scutos
1387 2545 1488 2569 ¹000.
1512 2534 1664 2580 campsor
1677 2560 1688 2577 ‚
1705 2536 1766 2582 qui
1785 2535 1843 2572 dat
1866 2537 1896 2572 ei
1918 2540 2073 2584 cambio,

1118 2578 1219 2614 offert
1245 2579 1354 2616 eidem
1373 2581 1466 2616 suum
1490 2590 1767 2630 procuratorem,
1791 2583 1847 2618 seu
1869 2585 2073 2631 ministrum,

1118 2628 1181 2674 qui
1207 2626 1315 2665 solvet
1346 2628 1534 2677 sibimetipsi
1559 2656 1569 2671 ‚
1605 2639 1764 2678 tanquam
1795 2632 1942 2671 ministro
1975 2636 2075 2683 ipsius

1119 2675 1298 2722 campsoris
1323 2703 1333 2718 ‚
1358 2677 1450 2711 unde
1476 2677 1679 2724 campsoritrs
1701 2704 1711 2721 ,
1732 2690 1906 2726 acceptata
1928 2683 2073 2720 oblatio-

1118 2734 1163 2757 ne
1183 2750 1193 2765 ‚
1217 2723 1327 2761 scribit
1352 2725 1445 2760 disto
1471 2726 1616 2761 ministro
1632 2752 1642 2768 ,
1667 2737 1706 2762 ut
1732 2727 1837 2763 solvat
1858 2729 2047 2779 sibimetipsi
2062 2761 2074 2776 ‚

1117 2771 1225 2818 idque
1236 2772 1334 2808 etiam
1349 2773 1436 2808 idem
1453 2785 1513 2820 per
1532 2774 1680 2817 litteras,
1695 2787 1779 2823 quas
1795 2786 1918 2812 vocant
1932 2778 2072 2828 d’avisb,

1117 2818 1229 2854 scribit
1258 2821 1436 2868 campsor;
1454 2823 1487 2856 ἀ
1515 2822 1736 2870 consequeter
1758 2823 1901 2858 minister
1920 2851 1930 2866 ,
1956 2838 2073 2875 recep-

1117 2867 1161 2902 tis
1186 2867 1362 2917 utriusque
1386 2869 1505 2904 litteris
1531 2896 1542 2911 ,
1570 2869 1669 2906 solvit
1700 2871 1883 2917 sibimetipii
1909 2898 1918 2914 ‚
1952 2876 2004 2910 vel
2029 2878 2073 2912 de

1115 2915 1268 2962 pecuniis
1302 2916 1445 2963 propriis
1471 2944 1480 2957 ,
1512 2918 1564 2964 vel
1587 2917 1631 2953 de
1657 2919 1809 2964 pecuniis
1838 2919 1938 2964 ipsius
1958 2934 2073 2971 camp-

1114 2964 1194 2998 soris
1206 2987 1215 3004 ‚
1231 2964 1265 2998 &
1288 2965 1402 3010 poilea
1420 2965 1533 3001 scribit
1554 2962 1742 3012 campsorio
1756 2992 1765 3007 ‚
1782 2976 1820 3002 ut
1837 2967 1943 3005 solvat
1959 2983 2070 3018 camp·

1111 3010 1177 3047 sori
1210 3011 1318 3046 distes
1340 3012 1455 3048 scutos
1491 3023 1591 3050 ¹000.
1623 3015 1656 3049 &
1681 3014 1807 3062 aliquid
1831 3017 1972 3062 amplius
2002 3031 2067 3065 pro

1110 3058 1243 3094 cambio
1273 3083 1283 3100 ‚
1321 3071 1360 3095 ut
1396 3060 1495 3095 latius
1533 3061 1639 3097 casum
1667 3073 1726 3108 per
1763 3063 1931 3099 extensum
1965 3069 2064 3112 ponit

1109 3109 1218 3142 Azor.
1247 3113 1368 3143 ciratus
1393 3110 1485 3155 infra
1507 3135 1517 3150 ,
1542 3109 1576 3143 &
1601 3108 1777 3156 loquendo
1807 3110 1852 3145 de
1878 3113 2024 3150 ministro
2049 3142 2061 3158 ,

1135 3156 1169 3189 ui
1201 3155 1301 3190 solvit
1332 3155 1376 3190 de
1409 3156 1561 3202 pecuniis
1592 3156 1692 3202 ipsius
1724 3156 1902 3204 campsoris
1926 3186 1935 3201 ,
1965 3164 2061 3209 ponit

1108 3203 1277 3238 Romoald.
1303 3203 1373 3237 Coli
1395 3204 1492 3238 rrafl.
1522 3205 1564 3238 de
1581 3204 1686 3239 camb.
1711 3218 1798 3240 tun.
1823 3208 1858 3242 ἀφ’
1869 3209 1986 3256 scripfi
1996 3213 2060 3258 su.

1102 3258 1166 3297 pra
1189 3253 1220 3297 §.
1258 3263 1285 3284 t.
1311 3263 1363 3297 qu.
1395 3261 1424 3296 5.
1447 3263 1568 3286 numer.
1596 3253 1651 3286 86.
1683 3253 1717 3287 ὅ(
1741 3264 1808 3299 ego
1840 3254 1943 3300 hujus
1971 3269 2058 3293 cam.

1106 3298 1151 3333 bii
1174 3324 1183 3339 ‚
1214 3300 1246 3333 &
1275 3299 1428 3333 recambii
1455 3299 1582 3334 litteras
1609 3299 1705 3346 posui
1718 3303 1823 3347 supra
1847 3302 1882 3335 d.
1906 3306 2007 3349 quaesl.
2027 3317 2058 3352 ς,

1102 3357 1224 3381 numer.
1251 3346 1305 3380 88.
1333 3346 1368 3381 ὠ*
1385 3348 1478 3394 seqq.
1503 3345 1619 3394 sicque
1635 3347 1695 3381 iste
1721 3358 1792 3383 cam
1821 3348 1925 3384 soiius
1942 3352 2057 3400 dupli-

1102 3403 1209 3428 catam
1235 3393 1333 3428 solvit
1359 3395 1605 3440 provisionem,
1632 3395 1765 3441 primam
1789 3360 1955 3444 Eugduni
1970 3426 1980 3442 ‚
1999 3402 2057 3439 ubi

1103 3442 1314 3488 extinguitur
1351 3442 1492 3487 primum
1525 3442 1689 3478 cambium
1712 3468 1723 3484 ,
1751 3441 1915 3482 solvendo
1941 3459 2052 3496 camp-

1101 3489 1182 3524 soris
1209 3487 1359 3523 ministro
1379 3515 1390 3530 ‚
1414 3490 1448 3523 ὃς
1471 3489 1503 3522 in
1530 3489 1599 3524 hoc
1624 3489 1721 3525 lucro
1747 3493 1864 3537 primae
1887 3497 2052 3540 provisio-

1100 3538 1150 3571 nis
1181 3536 1392 3572 concordant
1418 3548 1534 3572 omnes
1560 3562 1571 3578 ,
1603 3548 1660 3584 per
1693 3549 1732 3573 ea
1754 3564 1762 3579 ,
1795 3551 1877 3588 quae
1905 3542 1972 3577 dixi
1994 3545 2052 3589 su·

1094 3594 1161 3632 pra
1176 3585 1208 3630 §.
1228 3592 1256 3629 3.
1268 3585 1318 3633 gl.
1339 3596 1369 3629 3.
1384 3596 1506 3619 numer.
1528 3596 1538 3619 ι
1551 3596 1582 3630 ς.
1596 3585 1632 3622 (5
1649 3585 1818 3634 lariussub
1839 3602 1951 3626 nu.on
1964 3594 2050 3638 vers.

1085 3631 1237 3680 ficunda
1250 3631 1423 3667 dubitatio.
1436 3632 1469 3670 ἁ
1482 3635 1566 3682 seqq.
1583 3633 1616 3668 ὃς
1632 3632 1808 3669 secundam
1825 3635 1857 3671 in
1871 3637 1952 3672 loco
1963 3663 1972 3679 ‚
1991 3637 2050 3673 ubi

1736 3682 1806 3717 00
2009 3684 2049 3722 fit
