2400 3939
53 255 107 289 161

39 921 99 953 iss:

47 1662 100 1707 163

40 3727 45 3787 ω»,
37 3607 43 3720 η’-.-
36 3570 42 3600 a—
35 3488 44 3560 r—-v-‚

861 173 905 241 §¹
944 197 982 228 t.
1011 175 1229 243 Qiaestio
1249 175 1279 227 l.

171 252 281 287 Primo
295 251 527 288 advertendum
541 255 583 287 est
595 279 605 294 ,
629 253 720 302 quod
732 251 845 300 judici,
863 251 1063 286 mensuratu-

125 313 162 334 ro
175 300 354 337 distantiam
371 301 502 335 istorum
523 301 684 343 locorum,
699 306 731 338 &
746 302 963 350 quantitatem
979 313 1061 334 tem-

124 353 213 395 poris
226 350 382 395 neeessarij
401 350 437 384 ad
453 349 692 387 conficiendum
708 354 766 386 iter
787 363 824 385 ex
839 349 895 384 illo
912 350 952 383 ad
971 350 1060 383 illum

127 398 250 439 locum,
264 413 328 434 non
338 400 380 433 cst
391 398 409 432 ὲ
422 402 492 446 jure
506 399 582 435 data
598 412 684 436 certa
700 399 859 437 mensura,
876 398 937 432 nifi
953 411 1062 432 recur-

125 460 267 482 rercmus
278 448 318 482 ad
333 460 418 485 eam,
433 461 500 494 qua
518 447 773 485 mensurandum
787 451 829 483 est
844 449 904 481 iter
920 448 1062 481 terrestre

123 495 214 543 quod
227 495 384 531 conficere
393 496 485 531 debet
498 510 632 534 vocatus
645 499 686 533 ad
705 498 880 543 judicium,
896 501 947 531 cui
964 496 1060 531 datur

123 558 188 580 una
205 546 272 580 dies
284 558 341 591 pro
353 543 484 593 {iugulis
495 548 611 595 viginti
629 547 821 582 milliaribus
837 571 851 584 ,
880 549 914 580 &
928 547 1060 581 ulterius

123 606 188 628 una
211 594 281 630 dies
307 596 426 640 quietis
439 608 497 641 pro
511 597 658 642 qualibet
684 593 889 630 hebdomada
902 620 912 632 ‚
939 601 966 629 3(
1001 607 1059 640 pro

121 644 235 678 itinere
247 645 415 678 maritimo
431 658 495 679 una
518 646 585 681 dies
601 659 658 691 pro
673 645 803 693 singulis
818 646 1059 691 quinquaginta

121 691 327 732 milliaribus,
342 695 429 737 juxta
443 707 567 740 ωηατ
581 695 672 729 retuli
690 696 723 729 in
740 707 811 728 tneo
822 688 1056 737 traH·dejhdic.

119 739 347 788 caoefilib.t.cap
361 754 399 785 9¹
413 742 469 788 fiib
482 758 512 778 n.
530 759 577 783 52.
596 747 680 787 Quae
699 755 806 778 tamen
818 740 964 776 mensura
981 742 1060 775 milii

121 788 182 823 lanc
195 791 228 824 in
241 803 274 824 re
291 804 355 826 non
379 792 496 837 placet,
521 797 553 825 ὅ(
572 794 676 827 multo
691 795 798 827 minus
810 791 928 838 placuit
933 791 1060 834 statutis

120 839 321 886 Genuenfibus
331 838 405 873 libro
415 853 559 888 quarto‚c.
569 855 580 876 ι
591 857 620 876 ⁷.
633 850 662 883 ς.
670 842 958 887 ftcuri'taiesfac'lae.
974 843 1058 882 Quae

123 900 288 934 propterea
305 889 524 928 mandarunt,
539 905 573 926 ut
589 890 740 938 quaelibet
752 891 830 924 hora
848 888 884 922 sit
913 887 1060 922 mensura

122 936 263 971 duorum
283 937 505 974 milliariorum
524 965 535 978 ,
559 947 581 983 †
598 939 778 979 statuendo,
796 950 832 972 ut
846 939 960 972 notitia
983 950 1061 983 prae-

125 982 284 1026 sumatur,
301 987 436 1033 quando
447 987 508 1022 fuit
523 987 718 1024 transadturn
733 987 869 1035 spatium
887 989 966 1020 tanti
979 999 1060 1020 tem·

125 1037 213 1082 poris
228 1060 238 1074 ,
250 1050 318 1083 quo
333 1036 351 1070 ὲ
362 1035 435 1071 loco
453 1062 464 1076 ‚
488 1037 543 1071 ubi
552 1037 684 1073 secutus
697 1039 792 1073 fuerit
810 1033 898 1071 casus
914 1035 1029 1070 finister
1050 1061 1060 1075 ‚

134 1084 299 1119 calcularis
313 1085 491 1120 miliaribus
504 1087 632 1123 duobus
663 1101 722 1135 pro
733 1085 877 1136 qualibet
901 1085 979 1119 hora
996 1110 1005 1123 ‚
1020 1085 1060 1119 ad

123 1132 246 1171 locum,
261 1147 294 1166 in
308 1146 377 1180 quo
392 1134 476 1170 facia
491 1136 532 1169 est
546 1134 708 1176 securitas,
724 1135 832 1171 haberi
847 1133 992 1182 potuiffiei
1007 1148 1014 1169 :
1028 1138 1060 1168 &

123 1181 147 1216 si
161 1180 250 1216 casus
264 1181 386 1218 secutus
401 1184 472 1218 ess'et
485 1186 517 1217 in
535 1198 622 1219 mare
636 1186 821 1234 longinquo
836 1210 846 1224 ‚
875 1183 1062 1231 adeoquod

126 1231 243 1265 notitia
267 1231 439 1267 deferenda
455 1231 525 1267 estet
546 1247 600 1280 per
614 1248 725 1274 mare;
757 1246 932 1281 antequam
949 1245 1061 1278 perve-

125 1281 196 1315 nire
211 1279 306 1326 postet
320 1283 353 1315 in
365 1293 481 1316 terram
492 1281 616 1318 firmam
633 1285 800 1326 mandant,
813 1282 964 1318 calculari
979 1295 1060 1316 tem-

126 1341 187 1377 pus
201 1329 242 1363 ad
258 1332 413 1366 rationem
432 1332 615 1378 praediistam
632 1332 649 1367 ὲ
665 1334 737 1368 loco
752 1360 763 1375 ,
781 1336 813 1369 in
827 1345 926 1381 quem
953 1334 1060 1378 primO

127 1379 248 1413 venerit
259 1381 386 1420 notitia,
397 1378 449 1416 seu
464 1393 586 1416 novum
605 1396 613 1416 :
627 1396 739 1430 quare,
755 1397 790 1419 ut
806 1381 1059 1426 vides,praedi6ta

120 1428 243 1465 ¹statuta
255 1427 415 1464 calculant
443 1430 484 1465 ad
497 1432 652 1465 rationem
669 1436 730 1472 48.
751 1433 975 1468 milliariorum
1001 1444 1058 1475 pro

124 1476 268 1524 qualibet
282 1479 333 1512 die
345 1504 356 1517 ‚
370 1483 403 1513 &
423 1478 623 1514 considerant
637 1479 738 1517 solum
753 1486 812 1518 iter
835 1481 975 1515 terrestre
991 1493 999 1520 3
1028 1483 1059 1512 δέ

123 1529 219 1564 redte,
236 1528 313 1573 quia
333 1530 392 1562 iter
405 1530 605 1564 maritimum
621 1529 742 1580 semper
755 1534 797 1568 est
811 1534 982 1566 incertum,
1003 1528 1057 1562 nisi

123 1576 331 1611 concordatis
344 1580 459 1614 ventis.
687 1591 690 1596 ’

171 1626 321 1660 secundo
336 1627 379 1660 est
402 1627 666 1673 advertendum(
682 1631 713 1660 &
729 1627 790 1660 hoc
807 1623 942 1661 infertur
961 1625 1059 1673 ,quasi

123 1687 160 1709 ex
180 1674 318 1710 dieiisin
336 1677 522 1721 praecedenti
542 1679 553 1720 )
573 1678 664 1725 quod
680 1676 768 1710 loeus
787 1674 877 1710 casus
895 1675 1005 1710 sinistri
1025 1679 1058 1709 in

121 1725 178 1758 ista
195 1723 340 1760 mensura
355 1738 419 1760 non
435 1727 478 1760 est
492 1727 580 1761 locus
594 1730 703 1766 maris,
720 1728 753 1760 in
767 1738 836 1772 quo
854 1723 996 1769 sequitur
1010 1739 1060 1759 ca-

121 1771 172 1808 sus
188 1773 317 1812 sinister,
331 1773 381 1809 sed
392 1776 433 1810 est
449 1788 531 1810 tetra
545 1775 634 1811 firma
651 1802 661 1815 ,
678 1789 752 1809 nam
768 1787 823 1808 aut
839 1773 928 1808 casus
943 1774 1059 1808 finister

121 1824 272 1858 evenitiii
289 1837 376 1858 mare
390 1827 574 1872 propinquo
592 1851 601 1868 ,
626 1837 704 1873 puta
725 1837 824 1870 prope
851 1837 979 1869 portum
997 1827 1059 1857 Ge-

122 1884 206 1910 nuae,
221 1871 274 1908 seu
291 1874 326 1907 in
344 1872 412 1919 ipso
437 1887 532 1921 portu
556 1879 586 1909 &
603 1886 680 1909 tunc
698 1877 756 1907 iter
775 1871 871 1908 sumit
899 1875 1027 1906 initium
1044 1874 1061 1906 ἐι

122 1931 207 1956 terra
218 1921 310 1957 firma
327 1924 470 1968 proxima
487 1923 531 1957 illi
549 1925 626 1958 inari
646 1925 832 1970 propinquo
846 1947 857 1962 ,
869 1926 898 1953 &
915 1921 954 1956 fic
966 1924 981 1955 a
998 1925 1060 1955 Ge-

122 1982 200 2005 nua:
217 1978 244 2005 8:
264 1974 398 2017 proinde
413 1972 433 2006 fi
451 1973 596 2008 securitas
613 1972 681 2007 esset
700 1972 784 2007 faeta
799 1974 830 2006 in
845 1973 974 2005 civitate
990 1971 1061 2004 Flo-

124 2021 247 2059 tentiae,
263 2020 474 2059 calculare-tur
489 2024 546 2056 iter
559 2048 568 2062 ‚
604 2035 639 2056 ut
656 2022 762 2068 supra,
778 2022 794 2055 ὲ
809 2023 922 2056 Genua
938 2025 977 2054 ad
991 2023 1060 2054 Fls>-

122 2071 272 2104 rentiam:
287 2082 342 2104 aut
356 2071 444 2106 castis
460 2071 574 2106 linister
589 2073 696 2106 evenit
712 2073 744 2104 in
764 2083 850 2105 mare
865 2072 1062 2118 longinquo,

120 2129 200 2165 puta
215 2119 246 2152 in
262 2132 350 2153 mare
365 2121 478 2167 Cypri,
496 2125 526 2154 δε
541 2133 621 2155 tunc
634 2124 692 2155 iter
708 2146 718 2160 ,
749 2133 783 2154 ut
801 2117 893 2166 supra
910 2119 1061 2153 caculam-

123 2167 221 2206 dum,⁴
234 2166 328 2202 sumit
342 2171 471 2204 initium
485 2170 526 2204 ab
540 2170 593 2205 illa
606 2183 688 2205 terra
705 2169 809 2207 firma,
826 2171 859 2203 in
874 2182 973 2216 quam
995 2171 1057 2214 pri-

123 2230 176 2251 ma
191 2218 312 2251 venerit
329 2221 443 2252 notitia
455 2219 540 2253 dista
555 2218 645 2253 casus
666 2219 775 2253 finistri
792 2245 802 2258 ,
832 2218 880 2252 vel
892 2218 933 2253 ab
948 2219 1011 2255 illa,
1027 2220 1061 2253 in

123 2279 224 2312 quam
241 2271 418 2312 pervenerit
431 2267 580 2308 secunda,
596 2282 650 2303 aut
669 2269 800 2303 ulterior
816 2269 932 2302 notitia
949 2294 958 2306 ‚
974 2267 992 2301 si
1011 2269 1060 2301 in-

122 2315 164 2350 de
178 2315 309 2357 celerius
330 2318 423 2364 poffir
438 2319 602 2365 pervenire
627 2318 668 2352 ad
694 2317 801 2353 locum
832 2316 922 2352 faetae
947 2314 1061 2352 securi·

123 2377 209 2399 tatis.

14 2398 106 2474 {¹164
173 2416 286 2448 Tertio
300 2415 341 2448 est
355 2415 603 2455 advertendum,
619 2415 711 2463 quod
726 2415 894 2450 dubitatur
910 2439 919 2452 ‚
934 2412 1061 2460 praeser-

126 2466 186 2497 tim
199 2463 348 2508 instatur.
366 2467 512 2511 Genua-ns
522 2467 617 2512 supra
630 2468 746 2504 citatis,
761 2464 866 2511 qualis
880 2462 992 2498 debeat
1005 2462 1062 2497 esse

125 2512 178 2547 illa
195 2515 321 2550 notitia,
337 2512 442 2547 delata
459 2515 500 2548 ad
524 2527 639 2551 terram
656 2514 782 2550 firmam
798 2541 808 2554 ,
826 2513 960 2562 quando
975 2511 1063 2547 casus

125 2561 242 2596 sinister
255 2564 358 2597 evenit
377 2564 411 2596 in
435 2577 522 2598 mare
533 2563 727 2611 longinquO.

175 2613 214 2646 Et
230 2613 335 2646 Prima
349 2611 430 2647 facie
451 2614 712 2658 videturrequiri
727 2613 876 2647 notitiam
892 2609 1063 2651 famosam,

125 2659 158 2694 id
174 2661 229 2699 est,
245 2659 365 2695 famam
381 2661 522 2709 legitime
540 2661 708 2707 probatam
721 2662 760 2696 de
772 2661 829 2696 illo
843 2658 913 2695 casu
929 2659 1063 2698 sinistro,

126 2721 195 2744 tum
212 2709 449 2756 quiastarmum
472 2713 643 2758 pradiHum
659 2715 744 2744 initio
760 2713 855 2749 illius,
869 2716 898 2752 §-
917 2708 1064 2756 loquitur

125 2760 166 2794 de
179 2760 305 2798 notitia,
319 2758 426 2794 saltem
443 2773 496 2806 per
511 2760 632 2794 famam
655 2785 665 2799 ,
681 2761 822 2808 legitime
835 2758 1016 2806 probaram,
1031 2763 1063 2792 &

124 2810 158 2842 in
176 2806 250 2847 fine,
263 2807 430 2855 loquendo
449 2809 487 2843 de
504 2811 598 2844 initio
616 2810 752 2849 itineris,
764 2808 932 2847 sumenda,
949 2807 964 2842 a
981 2821 1063 2842 terra

126 2856 232 2896 firma,
245 2858 277 2891 in
293 2871 393 2904 quam
420 2862 526 2905 primo
548 2860 668 2893 venerit
693 2861 807 2893 notitia
827 2856 913 2893 casus
928 2856 1037 2891 sinistri
1054 2882 1065 2897 ,

125 2907 204 2941 dicit
214 2909 358 2952 pradiffa
374 2909 570 2949 notitia)tum
585 2908 661 2956 quia
674 2920 709 2942 ut
727 2910 841 2942 notitia
854 2905 1064 2955 praesumatur

123 2957 157 2990 in
175 2955 332 3000 pluribus,
356 2956 461 3004 sicque
477 2959 510 2991 in
529 2971 579 2996 eo,
592 2958 650 3005 qui
668 2957 744 2993 facit
761 2957 789 2992 se
804 2957 982 2996 assecurari,
1000 2969 1063 2989 non

125 3004 220 3040 debet
232 3004 290 3039 esse
305 3007 419 3040 notitia
436 3008 544 3047 unius,
557 3006 608 3042 seu
627 3007 766 3042 duorum
785 3032 796 3047 ,
824 3005 876 3041 sed
889 3004 982 3040 debet
1009 3003 1065 3039 elle

126 3053 305 3102 divulgata.

176 3105 348 3138 Contraria
361 3105 472 3149 opinio
492 3131 501 3143 ,
515 3119 615 3151 quarn
630 3103 741 3141 censeo
764 3105 934 3142 veriorem,
956 3103 1067 3138 suade—

128 3163 180 3186 tur
193 3166 229 3186 ex
243 3154 388 3198 eo,qiiod
405 3153 492 3187 aliud
502 3157 560 3194 eil,
575 3153 738 3189 scientiam
755 3152 845 3188 casus
858 3152 969 3188 finistri
985 3166 1063 3199 prae-

129 3199 210 3236 sumi
225 3215 261 3235 ex
277 3201 340 3236 sola
355 3204 480 3240 notitia,
495 3204 585 3238 aliud
599 3205 744 3251 praelurni
759 3216 796 3237 ex
815 3204 933 3238 notitia
951 3229 960 3241 ‚
977 3206 1008 3236 δέ
1028 3213 1063 3236 ex

129 3251 277 3284 distantia
296 3252 371 3290 loci,
386 3256 416 3285 &
432 3255 607 3298 temporis:
622 3253 773 3288 convenit
791 3253 876 3286 enim
891 3278 901 3291 ,
928 3265 962 3286 ut
981 3254 1069 3297 prior

130 3301 246 3334 notitia
263 3299 297 3335 sit
312 3298 446 3338 famosa,
459 3315 534 3336 cum
548 3302 636 3336 aliud
654 3316 720 3336 non
737 3303 919 3347 requiratur
933 3300 973 3335 ad
990 3313 1069 3347 prae-

132 3347 318 3384 sumendam
336 3348 497 3384 scientiam
518 3364 529 3388 ,·
562 3349 647 3386 secus
661 3352 703 3386 est
720 3353 753 3385 in
775 3350 910 3385 secunda
927 3352 1040 3384 notitia
1060 3374 1070 3388 ,

132 3399 210 3445 quia
222 3399 304 3433 ultra
320 3397 418 3446 ipsam
435 3401 598 3439 notitiam,
612 3401 786 3447 requiritur
797 3400 944 3434 distantia
959 3399 1069 3437 loci‚&

133 3450 338 3493 temporis,ut
354 3448 420 3482 dixi
437 3446 528 3495 supra
544 3463 573 3483 η.
595 3456 671 3484 162.
684 3453 718 3484 &
732 3450 822 3496 quod
840 3451 872 3484 in
888 3449 947 3484 hac
961 3447 1072 3482 secun-

134 3496 176 3530 da
193 3509 257 3531 non
273 3499 455 3544 requiratur
469 3497 569 3539 fama,
583 3498 737 3545 probatur
751 3513 788 3534 ex
803 3512 855 3540 eo,
866 3500 946 3547 quia
960 3496 980 3532 fi
996 3510 1073 3543 pro-

1998 195 2022 224 2
2033 193 2064 230 ἶ)

1114 263 1153 296 pe
1167 262 1298 295 portum
1313 250 1436 282 Genuae
1453 248 1604 295 sequatur
1627 248 1850 295 naufragium,
1864 254 1894 285 6<
1912 249 2061 285 securitas

1113 311 1289 344 reperiatur
1305 296 1389 330 (aista
1406 296 1584 337 Florentiae,
1597 294 1648 329 fiet
1662 296 1804 330 calculus
1824 309 1948 335 itineris
1960 311 1996 332 ex
2011 298 2057 332 ci.

1112 349 1211 382 vitate
1231 349 1351 380 Genuae
1368 344 1628 380 ad'Florentiami
1647 368 1659 384 ,
1686 358 1707 375 o
1734 348 1957 381 numerabitur
1973 360 2056 381 tecn-

1112 409 1172 442 pus
1185 396 1226 430 ab
1242 396 1297 430 illo
1311 395 1434 441 punsto
1448 400 1479 429 &
1497 394 1590 434 hora,
1602 406 1669 440 qua
1684 405 1791 427 evenit
1804 394 1895 430 casos
1913 395 2008 428 iiam<
2046 420 2055 434 ,

1111 444 1174 479 five
1192 446 1332 479 evenerit
1346 443 1384 477 de
1400 443 1465 483 die,
1481 442 1543 478 {ive
1558 445 1597 477 de
1615 445 1719 480 noete,
1737 441 1843 480 ficone
1863 443 1925 478 fite
1939 444 1974 477 sir
1990 447 2035 477 Ge

1111 508 1182 528 ntia:
1195 494 1396 541 divulgatus,
1410 492 1470 526 sive
1487 507 1568 531 non,
1584 491 1672 525 nulla
1684 489 1809 537 prorsus
1825 491 1932 527 habita
1952 491 2053 526 confi.

1109 544 1288 582 der-atione,
1302 541 1393 588 quod
1407 554 1484 576 tunc
1500 542 1654 588 temporis
1668 565 1678 580 ‚
1689 542 1801 587 quand
1816 557 1822 571 l
1839 544 1950 588 incipit
1969 542 2053 574 riti«)

1108 593 1221 626 calculi
1240 605 1304 625 nou
1321 603 1458 637 potuerit
1473 588 1532 625 ess‘e
1544 604 1616 625 oria
1633 588 1741 627 fama,·
1762 593 1877 624 merito
1892 617 1901 630 ,
1916 603 2004 638 quan
2017 601 2051 623 is

1109 640 1199 675 casus
1218 640 1335 674 sinister
1353 641 1394 673 est
1407 639 1531 674 secutus
1545 643 1577 673 in
1595 641 1673 672 mari
1691 638 1873 685 longinqui>
1887 665 1897 679 ,
1927 645 1959 674 &
1977 640 2049 672 ide)

1111 692 1229 724 noritio
1247 691 1320 723 ilius
1344 689 1385 722 est
1399 688 1571 723 deferenda
1603 701 1658 735 per
1675 700 1761 722 mare
1776 689 1817 721 ad
1832 690 1974 735 aliqu-m
2001 687 2050 721 lo>

1111 752 1187 773 curn
1206 751 1293 772 terrae
1312 736 1421 776 firmae,
1435 739 1587 772 statutum
1604 738 1704 771 utitur
1720 736 1817 771 verbo
1830 763 1839 776 ,
1861 740 1914 784 fin
1931 751 2051 775 nimam,

1114 788 1205 835 quod
1220 788 1262 822 est
1277 785 1435 821 diversum
1453 788 1471 821 ὲ
1489 787 1573 821 fama
1590 812 1600 826 ,
1617 791 1636 830 †
1656 785 1812 833 fiqu‘i'dem
1828 789 1859 821 iii
1883 801 1969 822 novo
1986 800 2051 820 nstv..

1113 838 1155 871 e‘l:
1171 834 1374 871 necessarium
1390 861 1399 875 ,
1413 836 1503 883 quod
1520 837 1609 870 testes
1634 834 1743 868 dicant
1757 861 1766 873 ,
1791 841 1818 867 ὀ(
1853 838 2013 870 nomine:-
2035 836 2052 866 Ξ

1114 899 1183 932 quo
1199 886 1384 923 audierint,
1405 898 1425 932 q
1442 888 1480 920 ¹ia
1496 897 1648 924 iiovuint,
1679 888 1709 917 δέ
1727 896 1836 918 tumor
1854 885 2015 928 fabalia-,a

1115 948 1167 969 tur
1181 961 1191 974 ,
1213 936 1350 980 ideoque
1372 938 1447 968 Dec.
1464 936 1558 980 confil.
1577 933 1703 978 ¹r4-fi1l’
1718 946 1746 966 n.
1758 947 1783 967 i.
1798 934 1840 966 ihi
1857 949 1927 966 mvn
1942 937 2049 966 mulm-

1113 985 1279 1032 loquendo
1295 986 1334 1017 de
1347 981 1514 1030 sponsione
1528 1010 1537 1022 ‚
1556 980 1734 1030 promiscue
1750 983 1894 1029 loquitur
1908 985 1947 1017 «lc
1965 997 1980 1014 r
2001 996 2033 1007 »ν

1113 1039 1141 1067 ὅ(
1163 1034 1204 1067 de
1217 1046 1345 1067 tumore
1363 1059 1372 1073 ,

1113 1084 1234 1117 incerto
1248 1082 1383 1116 authore
1397 1082 1439 1115 ad
1453 1082 1666 1116 differentiam
1684 1079 1949 1116 famae,Anton.de
1963 1085 2052 1119 Bner.

1111 1134 1191 1166 trab}
1206 1134 1242 1165 dc
1255 1143 1348 1166 notor.
1360 1144 1442 1164 mem.
1465 1147 1494 1170 9-
1513 1132 1824 1178 tom.4.fol.50,erg0
1839 1131 1924 1165 idem
1942 1131 2053 1165 dicen·

1112 1182 1190 1215 dum
1206 1183 1247 1215 est
1269 1180 1308 1214 de
1326 1194 1429 1220 novo,
1453 1183 1485 1213 a&
1503 1193 1560 1214 nos
1575 1182 1607 1214 in
1623 1182 1790 1214 communi
1809 1177 1865 1214 usu
1894 1179 2052 1228 loquendi

1112 1230 1260 1278 quotidie
1272 1231 1422 1268 dicimus,
1436 1230 1580 1265 delatum
1596 1227 1653 1263 effe
1668 1241 1790 1263 novum
1805 1229 1845 1262 de
1860 1229 1970 1276 aliqua
1987 1242 2019 1263 re
2040 1253 2052 1270 ,

1111 1279 1202 1327 quod
1215 1291 1322 1314 tamen
1336 1292 1457 1312 novum
1473 1281 1566 1325 pauci
1583 1279 1683 1313 sciunt
1699 1276 1750 1312 illa
1767 1279 1926 1323 hora‚qua
1941 1279 1982 1312 est
1998 1278 2053 1312 de-

1113 1329 1228 1367 latuin,
1245 1332 1277 1362 δέ
1292 1341 1401 1362 tameo
1415 1329 1458 1361 ita
1475 1329 1593 1363 dieitur
1604 1341 1726 1371 novum
1744 1353 1753 1365 ,
1773 1326 1908 1374 quando
1922 1325 2016 1362 scitur
2035 1326 2052 1362 ὲ

1111 1377 1314 1424 paucissima
1332 1380 1467 1424 quando
1483 1379 1587 1424 postea
1613 1378 1717 1425 magis
1732 1376 1939 1423 divulgatum
1958 1374 2053 1411 scitur

1112 1428 1129 1461 ὲ
1147 1426 1256 1461 multis
1275 1441 1285 1460 .·
1301 1429 1370 1461 imo
1384 1427 1474 1474 quoii
1491 1429 1646 1462 staturum
1662 1439 1727 1460 non
1744 1424 1836 1472 possit
1852 1425 2002 1473 intelligi,
2015 1437 2052 1460 ut

1112 1478 1266 1523 loquatur
1284 1476 1323 1510 de
1341 1479 1456 1510 notitia
1471 1473 1593 1511 iamoia
1611 1478 1766 1523 probatur
1781 1489 1817 1509 ex
1831 1489 1869 1509 eo
1888 1500 1897 1515 ,
1910 1477 1988 1523 quia
2003 1474 2054 1509 lo-

1112 1528 1228 1574 quitur
1243 1527 1282 1559 de
1297 1529 1412 1560 notitia
1428 1550 1438 1564 ‚
1458 1525 1610 1560 defernda
1625 1538 1679 1571 per
1695 1537 1796 1564 mare,
1811 1537 1897 1571 quae,
1914 1538 1979 1559 non
1994 1537 2055 1571 po-

1112 1576 1168 1610 test
1182 1573 1239 1609 effe
1252 1574 1387 1614 famosa,
1403 1578 1479 1621 quia
1495 1576 1572 1609 dum
1590 1572 1744 1613 defertur,
1770 1587 1834 1608 non
1850 1574 1905 1613 est,
1923 1586 1981 1608 nec
1995 1587 2054 1620 po—

1114 1626 1175 1659 tuit
1188 1624 1245 1658 esse
1259 1623 1381 1658 famosa
1399 1628 1429 1657 in
1449 1637 1546 1659 mare:
1571 1637 1648 1671 ergo
1660 1622 1794 1669 quando
1811 1625 1964 1657 statutum
1988 1624 2054 1657 uti-

1114 1686 1167 1707 tiir
1187 1674 1451 1720 veerpraediHa
1466 1678 1586 1712 notitia,
1599 1672 1748 1720 intelligit
1764 1672 1802 1705 de
1819 1672 2055 1719 n‹·›titia,dequa

1113 1725 1146 1757 in
1165 1725 1352 1769 proximiori
1367 1723 1439 1756 loco
1466 1723 1610 1757 locutum
1627 1723 1668 1755 est
1689 1747 1699 1761 ‚
1734 1726 1763 1754 ὅ(
1778 1734 1814 1755 ex
1830 1721 1878 1756 his
1893 1720 2053 1756 tolluntur

1112 1773 1263 1810 rationes,
1280 1772 1427 1806 addutstae
1442 1786 1499 1818 pro
1514 1773 1674 1806 contraria
1691 1774 1855 1817 opinione.

1175 1822 1306 1865 Quarto
1320 1823 1361 1855 est
1373 1823 1622 1860 advertendum,
1639 1820 1730 1866 quod
1747 1818 1801 1854 ubi
1825 1833 1862 1853 ex
1878 1817 2023 1854 mensura
2039 1844 2050 1859 ,
2081 1823 2146 1865 i67

1113 1871 1225 1918 dequa
1242 1872 1366 1905 locutus
1389 1870 1458 1904 susti
1474 1870 1565 1917 supra
1583 1883 1663 1903 num.
1695 1873 1770 1904 162.
1791 1869 1931 1904 multum
1947 1866 2052 1916 super.

1113 1923 1176 1955 est:
1193 1921 1241 1955 vel
1257 1921 1395 1954 multum
1410 1920 1490 1953 deest
1508 1946 1516 1959 ‚
1534 1923 1577 1953 ita
1593 1932 1627 1952 ut
1641 1931 1792 1964 appareat
1810 1944 1820 1958 ,
1849 1917 2050 1953 securitatem

1113 1968 1201 2004 fuiise
1217 1969 1337 2003 fastum
1355 1969 1456 2003 multu
1474 1971 1553 2015 post,
1564 1969 1614 2002 vel
1632 1967 1736 2002 multo
1752 1980 1838 2007 ante,
1853 1981 1952 2015 quam
1970 1970 2052 2001 noti-

1113 2021 1156 2054 tia
1175 2017 1319 2064 potuillet
1332 2032 1495 2064 pervenire
1522 2033 1529 2059 3
1552 2031 1628 2051 tunc
1644 2015 1789 2051 mensura
1802 2017 1919 2051 claram
1947 2016 2050 2051 reddit

1113 2070 1332 2114 conjestuiasn
1354 2083 1361 2103 :
1390 2066 1474 2101 seriis
1489 2068 1542 2102 ubi
1558 2082 1595 2101 ex
1614 2067 1759 2100 mensura
1776 2080 1839 2099 non
1853 2066 1980 2101 videtur
1998 2064 2050 2100 su-

1113 2116 1224 2164 peresse
1243 2144 1251 2156 ‚
1276 2117 1324 2151 vel
1339 2116 1484 2157 deficere,
1497 2119 1574 2164 quia
1593 2130 1669 2150 tunc
1693 2114 1853 2162 insurgere
1871 2118 1967 2161 potest
1985 2115 2050 2162 prl-

1114 2181 1164 2202 ma
1182 2167 1398 2202 controversia
1419 2166 1458 2200 dc
1489 2178 1657 2200 momento
1675 2165 1772 2203 horat,
1792 2169 1823 2198 ὅ(
1847 2164 2050 2212 quandoque

1113 2218 1151 2251 de
1165 2215 1229 2263 ipsa
1253 2218 1343 2254 liora,
1358 2219 1388 2249 in
1413 2229 1477 2261 qua
1502 2217 1543 2249 est
1559 2214 1680 2249 secutus
1698 2214 1786 2249 casus
1804 2214 1921 2249 sinister
1937 2239 1946 2254 ,
1973 2226 2049 2248 curri

1113 2265 1282 2311 horologia
1307 2267 1337 2300 iii
1364 2265 1492 2299 modica
1518 2266 1671 2310 temporis
1695 2266 1878 2309 quantitate
1894 2277 1958 2298 non
1991 2262 2050 2298 lint

1112 2317 1347 2350 concordantia
1366 2341 1374 2353 ,
1389 2313 1534 2351 ‚secunda
1551 2311 1763 2348 controversia
1779 2312 1953 2360 insurgeret
1967 2314 2050 2347 circa

1116 2363 1294 2399 mensuram
1311 2364 1451 2397 milliarii
1469 2377 1508 2397 an
1524 2365 1558 2397 fit
1572 2362 1753 2397 inchoanda
1778 2362 1796 2396 ὲ
1826 2375 1918 2408 porta
1936 2363 2050 2395 civita-

1114 2418 1167 2452 tis,
1181 2414 1228 2447 vel
1246 2414 1285 2448 ab
1300 2411 1457 2452 aedificiis,
1475 2417 1506 2446 ὅ(
1527 2413 1634 2461 burgis
1649 2425 1746 2459 prope
1760 2413 1921 2445 civitatem
1940 2424 2049 2457 perca,

1113 2476 1186 2512 qux
1202 2462 1303 2508 scripii
1319 2465 1350 2496 iii
1370 2476 1442 2496 meo
1457 2464 1548 2498 trafi.
1564 2465 1698 2507 dejucic.
1719 2461 1797 2506 caus
1811 2461 1886 2493 libro
1901 2464 2008 2505 primo,
2024 2474 2050 2494 c.

1115 2527 1135 2555 9
1150 2513 1242 2558 i.fitb
1258 2525 1339 2546 mim.
1361 2525 1414 2553 42.
1431 2516 1463 2545 dc
1488 2513 1727 2556 circumieripta
1754 2511 1812 2544 hac
1837 2507 2026 2545 difficultate
2042 2521 2051 2549 ;

1115 2561 1211 2609 pollet
1226 2563 1304 2595 oriri
1317 2561 1377 2595 alia
1403 2575 1439 2595 ex
1466 2559 1590 2595 diverso
1608 2572 1743 2594 numero
1762 2558 1985 2593 milliariorum
2005 2584 2015 2598 ‚
2030 2557 2052 2592 si

1115 2613 1248 2658 quidem
1265 2610 1444 2657 aliquando
1469 2624 1534 2644 non
1548 2621 1745 2645 conveniunt
1763 2609 1910 2643 homiues
1927 2608 1966 2642 de
1993 2621 2053 2642 nu·

1115 2675 1204 2696 mero
1226 2660 1465 2695 milliariorum.

1162 2711 1270 2745 Infert)
1286 2723 1321 2744 ex
1339 2709 1434 2744 dietis
1447 2709 1549 2742 infhar
1565 2708 1684 2744 decima
1700 2701 2052 2753 difficultatedaudabile
2078 2705 2138 2738 168

1113 2759 1171 2794 esse
1187 2756 1354 2806 praefaturn
1381 2761 1501 2792 Genuae
1518 2759 1672 2792 statutum
1689 2784 1699 2798 ,
1725 2759 1805 2791 dum
1833 2752 2056 2802 praesumptio-

1115 2822 1180 2848 nes,
1197 2814 1225 2844 ὅ(
1242 2809 1444 2853 conjetsturas
1459 2808 1500 2842 ad
1514 2805 1715 2854 probandam
1733 2807 1896 2842 notitiam,
1913 2807 1945 2836 δε
1961 2805 2056 2850 igno-

1115 2860 1252 2893 rantiam
1279 2855 1368 2892 casus
1382 2856 1507 2896 sinistri,
1526 2856 1638 2903 quales
1664 2855 1721 2890 effe
1735 2855 1886 2892 debeant,
1902 2851 2056 2886 determi-

1115 2921 1183 2946 nat,
1203 2911 1316 2941 &non
1342 2905 1456 2951 judicis
1469 2905 1603 2940 arbitrio
1618 2906 1809 2944 committit,
1828 2903 1905 2949 quia
1920 2901 2057 2935 arbitrio

1113 2958 1232 3004 judicis
1251 2955 1435 3003 paucissima
1449 2955 1683 2989 committenda
1698 2953 1783 2994 sunt,
1796 2964 1830 2988 ut
1847 2949 1969 2986 secutus
1985 2947 2055 2984 sum

1115 3009 1148 3041 in
1163 3019 1235 3040 meo
1245 3005 1375 3040 trac‘tde
1385 3006 1484 3051 judic.
1506 3003 1783 3050 cau.libr0secm1do
1795 3028 1804 3041 ,
1820 3003 1918 3047 capite
1934 2998 2057 3033 undeci-

1116 3070 1174 3094 mo,
1188 3068 1303 3095 νων.
1322 3053 1372 3088 sed
1389 3066 1497 3088 tamen
1511 3052 1616 3088 infero
1629 3057 1741 3093 etiam,
1755 3047 2057 3099 reprehendendum

1117 3118 1183 3139 non
1197 3103 1254 3139 eff:
1268 3105 1420 3138 statutum
1442 3103 1678 3142 Florentinum,
1695 3104 1786 3149 quod
1804 3099 1926 3145 judicio
1942 3095 1989 3132 sex
2003 3099 2058 3144 ju·

1117 3154 1226 3188 dicum
1245 3165 1430 3187 mercaturae
1444 3154 1634 3191 committit,
1652 3165 1687 3188 ut
1700 3151 1856 3186 dirimant
1876 3173 1885 3186 ,
1902 3161 1943 3181 an
1971 3159 2057 3181 nun-

1117 3206 1187 3237 cius
1202 3204 1342 3248 potuerit
1353 3200 1423 3241 esse,
1439 3201 1487 3236 vel
1504 3215 1569 3235 non
1581 3199 1649 3239 esst,
1665 3215 1730 3235 non
1746 3201 1904 3244 denegato
1917 3193 2058 3234 recursu,

1119 3266 1154 3287 ut
1169 3251 1263 3287 refert
1281 3250 1389 3286 Strach
1402 3253 1533 3285 uastae
1544 3253 1663 3296 affecur.
1673 3250 1755 3298 gloff
1760 3260 1814 3290 27.
1822 3246 1877 3292 ficb
1886 3257 1915 3280 n.
1923 3244 2056 3291 5.versic.

1119 3303 1308 3348 tertia-fabii.
1322 3312 1382 3334 tom
1400 3305 1432 3334 6.
1445 3313 1503 3347 par
1525 3301 1604 3347 '‘fb“
1615 3313 1628 3341 3
1640 3313 1653 3335 7
1664 3312 1695 3341 7.
1710 3300 1788 3347 quia
1803 3308 1838 3330 ut
1853 3306 1891 3329 ex
1907 3293 2004 3329 distis
2022 3296 2056 3328 in

1122 3351 1181 3385 hac
1194 3362 1310 3399 quarta
1325 3349 1524 3384 advertentia
1540 3350 1676 3388 constat,
1691 3347 1860 3394 insurgunt
1873 3356 1940 3378 tam
1954 3355 1992 3378 ex
2005 3341 2056 3377 fa-

1122 3402 1188 3440 Cb),
1200 3413 1299 3446 quam
1317 3412 1353 3432 ex
1369 3392 1686 3444 jureinexplicaffies
1698 3394 1915 3431 difficultates.

1183 3448 1330 3483 Secunda
1341 3450 1527 3492 conjetstura
1549 3447 1590 3481 ad
1608 3442 1893 3492 conjecturandam
1908 3441 2061 3476 notitiam

1125 3497 1213 3534 casus
1225 3497 1338 3532 finist‘ri
1354 3497 1395 3531 est
1407 3496 1496 3532 fama
1508 3495 1605 3546 ipsius
1615 3494 1704 3531 casus
1715 3494 1839 3532 sinistri,
1851 3501 1923 3526 orta
1940 3491 1974 3525 iu
1986 3488 2062 3524 loco

1707 3545 1737 3580 C
1768 3560 1783 3589 ³

1400 1039 1421 1078 †
1441 1030 1490 1068 sed
1512 1046 1620 1067 tumor
1637 1033 1678 1066 est
1697 1031 1747 1065 ille
1761 1034 1818 1078 qui
1838 1032 1980 1076 prncctllt
2008 1031 2053 1067 ab
2077 1050 2085 1062 ι
2100 1031 2144 1062 423
