2400 3939
262 188 377 240 404
419 192 455 213 2);

265 262 299 295 ci.
313 261 411 295 ιναξῗ.
425 261 468 295 de
481 259 602 305 adjett.
616 271 725 305 parter.
738 273 766 308 q.
784 262 815 296 8.
828 273 858 294 n.
872 262 902 294 8.
923 263 955 297 tir·
973 262 1060 307 seqq.
1075 259 1233 305 ειη-βιστ-

266 310 415 357 ιὶα]ἶίξῖι’
429 311 579 357 species,
598 310 665 356 fel.
681 323 760 351 ,μα
781 310 813 342 <Sc
828 309 967 356 quando
988 309 1034 349 is,
1066 306 1125 355 qui
1145 317 1232 351 prae-

266 358 389 400 feritat,
419 357 500 391 ei‘l‘e:
535 357 730 391 nominatus
760 357 793 390 in
815 357 977 404 scriptura
991 383 999 397 ,
1038 365 1143 402 prout
1171 363 1234 386 nos

268 406 488 452 supponimus
503 403 569 438 csse
583 407 794 439 nominatum
812 405 980 453 adjectum
994 432 1003 445 ,
1020 404 1156 437 videtur
1173 399 1232 434 ad-

269 466 404 489 mittere
423 455 520 488 etiam
540 455 664 488 Matth.
680 455 781 487 (rolf-r.
797 455 892 487 rrafl.
910 453 951 486 de
960 452 1089 501 proccff.
1105 458 1228 485 execut.

266 514 355 551 part.
369 517 399 536 2.
416 517 444 538 c.
459 516 488 536 2.
503 515 533 535 n.
551 504 604 542 64.
630 502 663 538 (ΞΤ
682 504 766 548 sc'i'v'·
782 503 870 548 vers:
889 500 1038 544 usitatum
1055 501 1098 545 cst
1110 525 1120 540 ,
1146 498 1179 532 &
1198 496 1230 530 in

270 551 495 597 terminissub
514 563 542 583 n.
560 552 615 582 66.
634 544 735 596 qtiem
760 550 860 583 latins
885 549 982 582 retuli
1008 549 1099 592 infra
1124 560 1155 581 n.
1175 555 1229 591 57.

272 599 365 633 secus
384 599 405 633 fi
426 610 490 633 non
506 599 543 632 iit
560 599 772 639 nominatim,
792 597 847 631 sed
866 596 971 631 solum
989 597 1109 630 habeat
1131 594 1232 639 scrip-

269 659 378 682 turam
391 675 399 688 ,
421 658 565 694 eamque
585 647 742 680 exhibeat
757 674 766 687 ,
786 646 864 694 quia
881 657 964 681 tunc
981 649 998 692 (
1017 643 1074 678 sed
1090 644 1230 678 nonbe-

269 696 341 741 ne)
370 706 484 736 tenet,
509 707 584 729 eum
607 705 721 742 neque
745 694 988 741 procuratorio
1009 692 1149 728 nomine
1169 689 1232 725 esse

270 743 498 784 audiendum,
532 753 569 777 ut
588 743 708 778 notavi
733 745 823 790 infra
852 756 882 778 n.
901 752 956 787 59.
976 743 1010 780 ὠ
1029 744 1085 776 62.
1107 740 1141 774 δε
1166 744 1231 785 pro

270 792 334 828 hac
361 792 479 826 eadtm
511 791 714 826 limitatione
740 791 851 838 potest
880 791 1013 838 allegari
1037 792 1132 824 Boer.
1155 788 1228 822 dec.

274 853 349 887 ¹54·
371 841 462 874 aliud
479 852 584 874 orrum
599 843 631 873 in
645 840 714 884 fine
729 866 739 881 ,
761 853 791 873 n.
810 852 844 884 9.
866 839 1000 879 dicens,
1027 838 1060 871 in
1075 836 1150 872 casu
1169 835 1231 870 hu-

269 890 325 937 jus
345 887 556 923 limitationis
579 900 647 922 non
674 888 797 935 requiri
825 888 916 922 aliud
933 887 974 921 ad
993 885 1206 933 probandum
1222 910 1231 926 ,

269 938 472 984 portitorem
493 936 703 971 instrumenti
724 937 790 970 esse
809 946 1083 981 procuratorem,
1113 932 1233 979 Juncio

270 998 312 1020 eo
327 1013 336 1026 ,
356 984 454 1033 quod
473 985 556 1020 dicit
575 996 608 1021 n.
624 985 655 1018 8.
668 986 702 1019 oc
718 997 786 1030 ego
804 985 887 1018 lianc
907 984 1144 1019 limitationem
1163 980 1234 1015 vidi

268 1033 331 1068 usu
350 1046 518 1081 receptam
531 1061 539 1074 ,
557 1035 589 1068 ὃ(
605 1034 761 1068 reservari
778 1033 810 1066 in
828 1032 934 1067 Curia
950 1031 1168 1066 Anconitana
1186 1038 1234 1065 te-

269 1083 375 1117 statur
395 1083 523 1117 ssu-ch.
547 1082 580 1115 α’.
596 1094 625 1128 q.
642 1082 743 1129 8.fitl⁷
760 1095 790 1115 n.
812 1082 940 1128 rosal.
953 1089 1037 1123 400.

319 1130 438 1176 Hujus
462 1130 671 1165 limitationis
693 1129 804 1163 casum
829 1129 896 1163 elle
925 1129 1140 1177 frequentem
1156 1153 1165 1167 .
1201 1128 1235 1162 δε

270 1179 402 1213 Parifiis
425 1178 472 1212 ita
502 1177 732 1213 communiter
751 1178 822 1212 fieri
843 1178 1080 1217 instrumenta,
1111 1176 1234 1210 tellan-

267 1238 324 1261 tur
342 1230 437 1261 Boer.
458 1227 492 1262 cl.
507 1240 538 1260 n.
553 1238 587 1269 9.
607 1227 640 1262 &¹
665 1227 788 1273 Rebuff.
806 1227 841 1259 d.
856 1239 886 1261 n.
902 1239 955 1272 33.
981 1228 1014 1261 δε
1036 1238 1097 1260 nos
1123 1224 1234 1270 passim

268 1277 423 1309 videmus
443 1276 474 1310 in
496 1275 616 1315 Italia,
647 1275 679 1308 ὅ(
703 1274 850 1309 formula
867 1274 953 1309 solet
982 1275 1040 1307 sub
1062 1273 1147 1312 istis,
1180 1273 1234 1306 vel

268 1324 428 1359 similibus
454 1323 564 1358 verbis
582 1322 739 1370 concipi,
767 1327 816 1359 Jo.
833 1325 878 1358 N.
896 1326 927 1356 in
941 1326 1034 1357 virtu
1048 1321 1141 1356 della
1160 1333 1233 1369 pre-

259 1376 354 1422 seme
369 1376 414 1407 mi
428 1372 534 1411 obligo
550 1383 676 1420 pagare
698 1373 716 1405 ἁ
734 1371 821 1405 Titio
831 1371 933 1418 scudi
951 1371 1045 1405 mille
1064 1381 1123 1418 per
1147 1372 1235 1404 tanti

269 1434 393 1458 vilerces
411 1412 538 1468 conqii‘e
552 1448 560 1459 ,
586 1423 620 1456 (9'
637 1420 761 1454 havute
778 1420 823 1452 da
845 1420 893 1454 lui
905 1447 912 1460 ,
938 1432 1035 1453 otiero
1052 1420 1071 1453 ὰ
1092 1419 1144 1453 chi
1159 1428 1232 1465 pre-

261 1473 380 1517 semar
391 1469 411 1503 ὰ
431 1470 463 1503 la
477 1471 623 1516 prqsente
634 1469 760 1516 polizei,
775 1468 810 1505 (sy
825 1469 936 1518 obligo
946 1480 1006 1509 me,
1021 1468 1087 1504 &a
1103 1466 1235 1502 Strach.

273 1519 308 1554 d.
323 1531 353 1565 q.
373 1518 568 1565 8.n.1.fol.
584 1528 665 1558 400.

327 1567 510 1600 Rationem
532 1566 635 1611 hujus
657 1565 864 1601 limitationis
890 1563 1061 1612 duplicem
1082 1562 1235 1598 conside-

278 1626 325 1650 rat
347 1615 473 1649 ῘΡῙαιῑΙα.
495 1615 599 1649 Color.
623 1613 657 1648 d.
673 1628 700 1648 c.
715 1628 745 1647 2.
765 1627 797 1648 n.
812 1615 867 1648 66.
884 1615 999 1660 ‘versus
1014 1611 1108 1652 finem
1125 1623 1132 1645 :
1163 1610 1237 1645 Pri-

278 1676 363 1697 mam
385 1664 465 1710 quia
484 1661 637 1696 creditor
655 1672 719 1697 tam
740 1663 798 1698 sibi
811 1690 819 1704 ,
839 1656 942 1710 quarn
956 1661 1097 1695 cuilibet
1112 1658 1235 1706 posses-

280 1711 341 1746 sori
374 1711 541 1745 literarum
566 1711 792 1757 obligatarum
824 1711 907 1746 solvi
942 1708 1145 1756 stipulatur:
1178 1707 1237 1741 Se-

278 1760 422 1794 cundam
441 1760 522 1806 quia
540 1759 615 1794 satis
632 1759 760 1794 dicitur
774 1772 896 1794 nomen
916 1758 1090 1806 proprium
1106 1756 1235 1803 expres-

279 1809 348 1841 sum
372 1809 403 1841 in
437 1808 681 1849 instrumento,
717 1808 776 1842 sub
807 1807 945 1842 nomine
973 1806 1150 1852 petitoris,
1179 1803 1236 1840 seu

278 1856 470 1903 possessoris
492 1856 580 1889 illius
598 1855 826 1890 instrumenti:
852 1855 907 1889 sed
927 1866 1073 1902 utraque
1088 1853 1172 1888 ratio
1190 1852 1237 1887 est

276 1905 404 1939 infirm
420 1932 430 1943 ,
455 1905 536 1952 quia
553 1904 624 1939 esto
643 1906 741 1952 quod
757 1905 910 1939 creditor
930 1903 966 1938 sit
982 1904 1159 1949 stipulatus
1176 1914 1238 1948 po-

279 1953 416 1988 tentiori
433 1980 441 1993 ,
475 1955 507 1987 ὅ(
529 1953 724 2000 possessori,
751 1964 861 1988 tamen
886 1964 925 1986 ex
942 1951 1001 1986 issa
1024 1951 1239 1996 stipulatione

275 2003 366 2037 nulla
389 2002 435 2035 est
460 2002 506 2035 illi
527 2002 692 2049 acquisita
708 2002 875 2048 obligatio
891 2028 900 2042 ,
925 2012 964 2035 ut
992 1999 1092 2047 poffit
1110 2010 1233 2045 agere,

276 2063 336 2096 per
354 2062 392 2083 ea
416 2061 498 2098 qua²
519 2050 586 2084 dixi
601 2052 708 2097 fitpra
731 2064 763 2085 n.
785 2063 840 2097 39.
853 2050 940 2096 vers.
956 2052 1074 2083 tertius
1091 2075 1100 2089 ,
1117 2047 1172 2081 sed
1188 2045 1238 2082 so-

275 2099 344 2132 lum
374 2100 419 2132 est
448 2098 601 2144 adjectus
630 2099 813 2140 solutioni,
846 2107 886 2132 ut
910 2097 1048 2132 debitor
1069 2095 1169 2143 poffit
1193 2095 1240 2129 illi

277 2147 366 2181 refte
389 2146 521 2181 solvere
537 2173 546 2187 ,
572 2157 612 2182 ut
633 2147 875 2196 firmavisupra
891 2159 924 2180 n.
943 2147 996 2190 36.
1012 2146 1148 2193 &seqq.
1163 2147 1197 2178 in
1209 2156 1241 2177 2.

276 2207 342 2229 arr.
368 2195 497 2229 &ideo
516 2195 587 2230 esto
610 2195 710 2230 etiam
725 2222 733 2238 ,
763 2195 861 2244 qnod
886 2198 961 2243 ejus
982 2205 1104 2229 nomen
1123 2191 1243 2227 intelli-

277 2254 379 2290 gatur
396 2243 580 2290 expressum
596 2243 628 2277 in
651 2244 875 2279 instrumento
891 2252 1003 2278 tamen
1018 2241 1064 2276 est
1076 2240 1243 2287 adjectus,

278 2303 318 2327 ut
337 2291 426 2326 dixi:
461 2293 493 2326 ὃς
510 2295 604 2340 jtira‚
630 2292 663 2326 &
681 2289 852 2328 Dot‘t‘eres
867 2318 877 2332 ,
905 2302 996 2339 quos
1017 2289 1121 2325 citavi
1134 2291 1242 2337 supra

279 2341 314 2375 d.
330 2353 360 2374 n.
382 2353 436 2386 39.
455 2344 538 2383 vers.
553 2343 687 2381 terrim,
703 2341 784 2375 dum
799 2340 970 2380 scribunt,
990 2337 1160 2385 adjeftum
1174 2349 1243 2372 non

279 2388 376 2434 posse
398 2400 519 2435 agere,
541 2388 731 2436 loquuntur
748 2389 792 2424 de
807 2388 943 2435 adJ'esto
956 2414 965 2430 ‚
982 2399 1057 2423 curn
1075 2385 1243 2422 omnimo-

282 2436 326 2471 da
349 2437 492 2471 nominis
513 2436 730 2483 expressione.

332 2484 438 2520 Ratio
453 2497 535 2531 ergo
552 2485 661 2520 valida
676 2487 738 2521 erit
749 2513 757 2526 ,
771 2485 850 2532 quia
866 2484 920 2519 illa
932 2483 1134 2531 subsequens
1146 2481 1245 2529 (crip-

285 2543 375 2569 turae
397 2533 582 2579 productio
601 2561 610 2575 ,
647 2546 748 2580 quam
776 2534 902 2568 faceret
931 2532 1108 2580 adjectus,
1135 2531 1247 2578 juncta

286 2581 498 2628 praecedenti
524 2582 728 2628 prornislioni
749 2582 793 2617 de
818 2578 981 2616 solvendo
1006 2579 1245 2626 praesentanti,

286 2629 413 2664 faceret
435 2630 592 2676 praesumi
610 2658 619 2672 ,
658 2630 853 2677 scripturam
884 2627 950 2663 eise
978 2629 1024 2662 illi
1049 2629 1202 2663 traditam
1226 2628 1247 2662 a

287 2678 471 2716 creditore,
491 2689 527 2713 ut
544 2678 610 2712 dixi
630 2680 719 2726 infra
737 2691 766 2712 n⁴
781 2682 836 2713 61.
854 2689 936 2724 quae
954 2677 1092 2712 traditio
1109 2677 1247 2712 haberet

290 2727 357 2760 vim
378 2726 608 2761 constituendi
633 2727 724 2761 illum
760 2736 1034 2773 procuratorem:
1067 2725 1249 2773 licque-de

290 2775 426 2821 adjetto
451 2774 595 2808 efficitur
621 2786 836 2821 procurator.

230 2825 275 2876 58
339 2821 570 2858 confirmatur
594 2822 671 2858 haec
696 2821 842 2857 secunda
863 2822 1042 2864 limitatio,
1068 2822 1149 2869 quia
1173 2833 1249 2868 pro-

293 2883 403 2906 curat(
418 2883 431 2904 r
452 2871 494 2905 ad
514 2871 718 2917 exigendum
734 2898 744 2913 ‚
771 2871 880 2918 potest
906 2871 1041 2918 exigere
1063 2873 1105 2905 ab
1126 2870 1249 2912 initio,

293 2924 327 2955 ὁ(
346 2921 391 2954 sic
413 2931 515 2965 agere
538 2920 721 2965 injudicio
742 2929 860 2954 contra
879 2919 1089 2959 debitorem,
1115 2921 1196 2953 Bar.
1218 2922 1252 2953 in

295 2970 319 3003 l.
332 2968 385 3003 86.
404 2967 460 3002 hoc
479 2970 568 3010 jure,
581 2968 647 3016 suh
664 2980 695 3001 n.
709 2982 732 3002 1.
746 2968 780 3006 ἔτ
800 2981 828 3002 2.
844 2968 878 3004 &
896 2966 1044 3002 PauLde
1058 2968 1159 3013 Castr.
1174 2979 1206 3001 n.
1218 2980 1250 3001 κ.

284 3018 327 3064 ff.
340 3017 488 3064 desolat.
503 3017 535 3049 ὅ(
549 3017 593 3050 de
610 3016 782 3051 communi
797 3016 937 3051 testatur
949 3015 1090 3053 Franch.
1105 3016 1147 3049 de
1159 3018 1250 3050 Pont.

294 3067 488 3111 conJ.9i.7.r.
509 3076 535 3098 1.
550 3065 583 3099 &
600 3064 709 3110 potest
724 3076 825 3112 agere
840 3065 940 3098 etiam
959 3065 993 3098 in
1013 3063 1148 3109 judicio
1174 3075 1252 3097 exe-

297 3113 421 3147 cutivo
433 3138 442 3152 ‚
462 3112 565 3146 Flam.
579 3113 680 3147 Card.
699 3112 770 3148 dec.
787 3125 844 3156 92.
859 3112 1073 3160 opponebatur
1087 3137 1094 3151 ,
1118 3124 1150 3146 n.
1166 3124 1197 3157 3.
1219 3112 1254 3146 ὅί

298 3160 396 3195 etiam
419 3161 450 3193 in
474 3160 607 3206 judicto
623 3161 773 3196 breviori
806 3160 990 3195 secundum
1005 3161 1086 3206 stat.
1101 3160 1181 3194 Gen.
1193 3159 1252 3194 lib.

300 3221 331 3243 2.
345 3220 416 3256 cap.
431 3221 462 3250 4.
483 3209 526 3242 de
543 3207 648 3242 caufis
666 3209 875 3244 brevioribus
903 3209 936 3243 in
957 3208 1020 3242 illis
1041 3208 1152 3243 verbis
1165 3234 1176 3248 ,
1197 3208 1255 3242 vel

298 3257 446 3291 habentis
460 3257 687 3290 αιιῖἶω·ιίιιιενη
705 3258 867 3305 exigendi.

347 3303 415 3337 Sed
431 3305 582 3350 adjectus
597 3332 604 3343 ,
617 3304 756 3339 maxime
773 3306 793 3338 li
812 3305 933 3339 habeat
953 3315 1056 3349 penes
1071 3303 1101 3337 se
1113 3301 1255 3350 scriptu-

299 3365 366 3387 ram
381 3378 388 3391 ,
421 3354 558 3387 videtur
576 3352 782 3387 constitutus
801 3353 843 3387 ad
859 3352 1071 3398 exigendum.
1095 3351 1204 3398 Ergo.

350 3400 560 3434 Contrariam
596 3401 816 3447 opinionem,
846 3411 966 3447 nempe
989 3426 998 3440 ,
1034 3400 1133 3446 quod
1161 3398 1255 3434 exhi-

242 3431 285 3466 59
302 3448 382 3482 bens
407 3447 660 3482 instrumentum
683 3449 945 3496 chirographum
967 3447 1022 3482 seu
1044 3447 1227 3494 apodissam
1244 3474 1254 3488 ,

301 3507 502 3541 conceptam
537 3507 573 3530 ut
598 3496 715 3542 supra,
748 3510 814 3532 non
846 3496 1021 3530 censeatur
1047 3495 1256 3531 constitutus

300 3554 524 3590 procurator,
553 3545 586 3578 ἀ
601 3546 847 3592 consequenter
863 3557 930 3578 non
949 3543 1046 3590 poffit
1063 3555 1164 3588 agere
1177 3569 1187 3584 ,
1207 3553 1256 3578 te-

301 3602 358 3626 net
378 3591 502 3625 M‘atzh.
521 3592 624 3625 Coler.
640 3604 739 3639 quarn
764 3593 862 3628 retuli
884 3593 972 3638 infra
986 3604 1072 3626 num.
1091 3595 1147 3627 62.
1172 3591 1254 3625 dum

301 3649 397 3674 tenet
410 3666 419 3678 ,
447 3639 545 3685 quod
565 3639 688 3675 debeat
711 3643 856 3687 probare
872 3667 881 3681 ,
905 3638 1086 3686 apodiffam
1104 3639 1200 3673 fuiile
1216 3639 1254 3672 fi-

303 3687 335 3722 bi
355 3687 529 3725 traditam:
556 3688 588 3721 ὃ(
605 3699 668 3734 pro
683 3688 746 3723 hac
766 3689 932 3724 contraria
949 3686 1111 3733 opinione
1125 3686 1253 3723 faciunt

213 1140 255 1183 56

215 1582 257 1617 57

597 164 955 248 Sigistnundi
999 167 1242 228 Scacciae
1287 163 1485 223 Trad‘c.
1522 163 1596 223 de
1639 166 1932 225 Commer.

1283 256 1337 291 illa
1353 258 1470 293 eadem
1486 257 1560 295 duo
1575 268 1794 306 argumenta,
1809 270 1892 306 qua:
1904 256 2028 292 deduxi
2045 259 2136 305 infra
2150 260 2244 306 n.63'

1333 353 1483 389 Retenta
1504 354 1718 391 limitatione.
2035 379 2037 382 .
2148 383 2152 386 »

1335 401 1493 437 Extende
1511 403 1621 450 primo
1639 407 1730 445 eam,
1746 413 1789 438 ut
1810 405 1998 450 procedat,
2013 403 2168 449 quamvis
2187 415 2244 438 ex·
2258 414 2278 448 6

1287 449 1406 484 hiberis
1427 450 1713 498 chirographum,
1742 464 1809 487 non
1828 453 1970 498 probet,
1994 451 2085 486 illud·
2096 450 2194 487 fuiss'e
2207 452 2244 486 fi-

1288 497 1322 532 bi
1339 497 1500 533 traditum
1515 499 1535 534 ὲ
1556 499 1749 541 creditore,
1777 501 1857 547 quia
1879 500 1995 535 adhuc
2018 501 2167 544 poterit,
2195 501 2246 536 uti

1289 549 1510 593 procurator,
1530 559 1650 594 agere,
1665 548 1797 594 ‘Rebuff
1821 549 1855 583 d.
1870 549 1939 597 glo.
1961 561 1995 592 9.
2011 559 2040 581 n.
2058 560 2111 593 34.
2132 549 2247 589 versic.

1291 606 1348 629 nec
1366 598 1556 642 requiritur,
1586 597 1621 634 &³
1651 597 1780 631 Strach.
1803 598 1837 631 d.
1855 598 2089 644 q.8·.‡itum.'-8.
2111 597 2143 632 'in
2169 599 2249 633 ulti-

1290 643 1516 691 mis'verbjss
1544 644 1611 687 ibi,
1644 655 1760 679 verum
1770 647 1816 679 in*
1836 646 2027 694 propofiras*
2053 645 2189 682 &nunu
2212 658 2246 690 9.
2292 656 2316 683 a«

1306 691 1347 725 ol.
1363 699 1445 732 400.
1747 714 1750 720 ·

1281 692 1310 740 f
1338 738 1443 774 Ratio
1459 740 1564 790 hujus
1581 740 1782 777 extensionis
1795 738 1859 780 est,
1879 740 1959 788 quia
1975 767 1986 782 ,
2001 752 2080 776 cum
2097 740 2248 789 apodissa
2262 734 2302 768 ⁶¹

1292 787 1466 824 contineat
1493 790 1737 836 obligationem
1760 788 2163 838 solvendi-cuicunque,
2188 790 2253 838 qui

1293 847 1364 870 eam
1388 835 1605 883 praesentabit
1619 864 1630 878 .
1665 836 1839 873 verifimile
1866 839 1940 880 eff,
1971 839 2072 886 quod
2101 838 2252 878 creditor
2301 861 2306 867 ·

1292 896 1364 918 eam
1379 896 1482 920 caute
1501 886 1671 922 custodiat
1683 914 1694 930 ,
1711 897 1754 920 ne
1770 886 1891 934 aliquis
1905 897 1976 921 eam
1992 887 2051 933 ipsi
2065 886 2250 930 subtrahat,

1292 933 1326 968 δε
1345 931 1459 981 exigat
1478 935 1497 969 a
1516 935 1696 977 debitore,
1725 933 1818 969 unde
1833 961 1842 974 ,
1865 946 1942 970 cum
1962 935 2041 984 quis
2067 947 2138 971 eam
2161 947 2250 984 prae-

1291 980 1418 1024 sentat,
1439 982 1671 1029 praesumitur,
1697 982 1796 1032 quod
1813 982 1870 1018 fibi
1887 983 2124 1019 tradita-tuerit
2140 983 2160 1018 ὲ
2176 995 2251 1020 cre-

1292 1028 1428 1073 ditore,
1452 1033 1488 1066 ἀ
1506 1041 1577 1067 non
1595 1031 1693 1080 quod
1719 1039 1789 1067 eam
1807 1029 2024 1070 subtraxerit:
2053 1032 2088 1067 ὃς
2105 1031 2187 1068 ideo
2212 1032 2251 1068 fit

1293 1077 1392 1113 etiam
1417 1091 1541 1116 cautus
1555 1077 1728 1122 notarius,
1754 1080 1816 1127 qui
1837 1079 1976 1115 haberet
1991 1085 2095 1128 penes
2109 1079 2142 1115 se
2161 1078 2253 1130 ejus-

1280 1127 1678 1171 -modrinstrumentum,
1695 1141 1737 1163 ne
1754 1127 1843 1162 illius
1860 1128 2029 1174 publicam
2053 1129 2189 1175 copiam
2206 1130 2251 1164 al—

1293 1175 1357 1211 teri
1382 1176 1513 1219 tradat,
1537 1189 1637 1225 quam
1653 1176 1841 1216 creditori,
1871 1175 1928 1210 seu
1952 1176 1997 1211 de
2021 1178 2098 1224 ejus
2119 1177 2252 1224 speciali

1293 1225 1474 1267 mandato,
1499 1228 1578 1274 quia
1600 1225 1768 1262 tradendo
1792 1224 1910 1267 alteri,
1935 1235 2071 1272 tenetur
2086 1225 2250 1261 creditori

1291 1272 1333 1305 ad
1353 1273 1529 1317 damnum,
1547 1276 1581 1310 δε
1596 1275 1639 1309 fic
1656 1273 1698 1308 ad
1716 1273 1868 1308 debitum
1882 1300 1893 1316 ,
1910 1274 2007 1321 quod
2022 1274 2118 1309 alteri
2136 1273 2251 1310 fuisset

1291 1319 1438 1356 solutum
1453 1334 1461 1357 ε
1488 1321 1582 1357 secus
1599 1323 1644 1357 est
1661 1323 1694 1357 in
1715 1322 1786 1356 aliis
1801 1320 1970 1369 scripturis
1983 1349 1992 1363 ,
2019 1323 2052 1357 ὅ(
2066 1322 2248 1369 apodiffis,

1291 1381 1374 1417 quae
1392 1382 1459 1405 non
1475 1372 1654 1406 continent
1672 1368 1840 1417 ejusmodi
1859 1369 2105 1416 obligationem
2122 1383 2135 1412 3
2156 1371 2249 1418 quia,

1294 1430 1372 1452 cum
1389 1418 1422 1452 in
1442 1417 1506 1453 illis
1520 1431 1588 1455 non
1608 1420 1801 1467 requiratur
1817 1418 1894 1453 haec
1914 1419 2078 1465 diligens,
2101 1420 2135 1454 &
2150 1430 2251 1455 cauta

1295 1466 1450 1502 custodia
1462 1494 1472 1508 ,
1499 1468 1601 1503 cessat
1619 1466 1843 1516 praesumptio
1861 1466 2054 1503 traditionis
2067 1493 2078 1509 ‚
2100 1468 2133 1502 δ(
2149 1467 2252 1503 intrat

1293 1514 1437 1560 suspicio
1453 1515 1698 1552 subtractionis,

1342 1564 1553 1599 Contrariam
1571 1564 1765 1611 opinionem
1777 1591 1787 1607 ,
1814 1575 1935 1611 nempe
1948 1563 2045 1611 quod
2071 1563 2252 1611 praesenta·
2265 1573 2307 1605 62

1294 1620 1352 1646 tor
1367 1612 1532 1659 apodissae
1549 1623 1617 1649 non
1635 1613 1734 1659 possit
1756 1623 1873 1660 agere,
1900 1612 1960 1646 nifi
1985 1614 2130 1659 probet,
2157 1613 2253 1649 fuisse

1294 1660 1355 1694 fibi
1369 1659 1750 1703 acreditore‘traditam,
1767 1661 2000 1696 sentitMarth.
2018 1662 2123 1696 Coler.
2140 1662 2252 1710 ‹Le-ap.

1296 1709 1402 1756 2.sub
1415 1711 1514 1744 n.68.
1531 1709 1647 1744 dicens
1659 1737 1669 1752 ,
1698 1709 1791 1744 islam
1809 1708 1874 1743 esse
1891 1709 2054 1744 veriorem
2067 1736 2076 1751 ,
2101 1711 2135 1746 &
2149 1711 2256 1758 magis

1293 1757 1473 1805 juridicam
1491 1758 1698 1806 opinionem,
1715 1759 1749 1792 &
1761 1758 1806 1793 ita
1817 1757 1851 1791 in
1866 1757 1976 1805 specie
1989 1760 2110 1793 contra
2125 1760 2251 1805 Rebuffi

1286 1807 1394 1854 supra
1413 1806 1555 1841 citatum
1571 1805 1751 1855 sirmatsub
1768 1819 1797 1840 n.
1809 1817 1867 1851 74.

1344 1854 1573 1891 confirmatur
1587 1855 1666 1890 haec
1685 1855 1854 1891 contraria
1868 1854 1988 1901 opinio
2007 1853 2136 1903 duplici
2150 1865 2249 1903 argu—
2264 1855 2307 1900 63

1292 1912 1421 1937 mento.

1346 1950 1461 1986 Primo
1475 1978 1484 1993 ,
1508 1952 1589 2000 quia
1606 1951 1667 1986 iste
1682 1951 1859 1999 adjectus,
1884 1952 1939 1988 vel
1957 1952 2032 1987 vult
2054 1963 2178 1999 agere,
2200 1952 2254 1987 uti

1294 1999 1468 2046 adjectus,
1486 2002 1520 2036 δε
1540 2011 1673 2036 certum
1689 2001 1735 2035 est
1748 2028 1759 2043 ,
1783 2000 1882 2048 quod
1899 2013 1967 2036 non
1982 2002 2095 2048 potest
2107 2027 2117 2041 ,
2138 2011 2200 2047 per
2213 2011 2253 2035 ea

1299 2060 1382 2095 quae
1399 2047 1467 2082 dixi
1478 2049 1585 2097 supra
1598 2062 1632 2084 n.
1645 2061 1701 2094 39.
1713 2052 1746 2084 in
1762 2061 1792 2094 3.
1807 2060 1873 2084 art.
1900 2050 1933 2085 δε
1959 2048 2059 2098 quod
2078 2047 2255 2084 'censeatur

1296 2096 1473 2143 adJ'ectus‘,
1499 2108 1616 2133 movet
1631 2097 1730 2132 etiam
1748 2097 1877 2133 strach.
1890 2098 1925 2132 d.
1941 2100 2008 2146 q.8.
2022 2109 2092 2132 n.1.
2106 2097 2161 2132 vel
2177 2097 2253 2132 vult

1297 2157 1400 2193 agere
1410 2171 1420 2186 ,
1440 2145 1490 2180 uti
1506 2156 1711 2191 procurator
1722 2173 1732 2188 ,
1746 2148 1780 2181 δε
1792 2145 1938 2181 similiter
1953 2157 2020 2181 nen
2035 2145 2158 2193 potest,
2170 2145 2254 2194 quia

1297 2193 1365 2228 sola
1384 2193 1620 2240 scripturarum
1636 2193 1808 2229 existentia
1822 2205 1926 2241 penes
1941 2195 2086 2242 aliquem
2101 2195 2253 2235 tertium,

1299 2254 1367 2276 non
1386 2243 1526 2288 probata
1543 2242 1671 2277 illarum
1687 2242 1872 2278 traditione
1884 2269 1894 2284 ,
1910 2255 1977 2278 non
1997 2243 2122 2289 probat
2133 2269 2142 2282 ,
2161 2241 2254 2276 illum

1292 2289 1436 2325 tertium
1453 2290 1520 2325 esse
1540 2302 1796 2337 procuratorem
1820 2291 1854 2324 in
1867 2291 1920 2325 illa
1934 2290 2053 2333 causa,
2081 2289 2138 2325 sed
2152 2289 2256 2325 debet

1300 2338 1462 2385 probare,
1483 2338 1583 2374 fuisse
1597 2339 1654 2374 sibi
1678 2338 1818 2375 traditas
1833 2339 1853 2373 ὲ
1870 2339 2034 2381 domino,
2060 2349 2100 2374 ut
2114 2337 2255 2374 secutus

1301 2387 1370 2421 sum
1388 2390 1423 2421 in
1441 2399 1509 2422 meo
1526 2388 1621 2422 trafl.
1639 2387 1682 2422 de
1693 2387 1803 2432 judic.
1815 2389 1904 2436 caus.
1920 2388 1954 2424 &
1972 2388 2030 2423 lib.
2050 2400 2078 2422 1.
2093 2398 2254 2435 capnon

1299 2448 1386 2470 num.
1405 2445 1460 2480 35.
1480 2435 1561 2470 alias
1574 2461 1584 2477 ,
1602 2447 1671 2471 non
1689 2436 1831 2484 probata
1849 2435 2052 2478 traditione,
2076 2447 2145 2470 non
2162 2434 2256 2469 dice-

1301 2494 1394 2518 retur
1416 2483 1516 2530 plene
1543 2486 1726 2532 probatum
1752 2483 1971 2527 mandatum,
2003 2484 2158 2532 ideoque
2184 2493 2257 2518 non

1301 2531 1539 2568 admitteretur
1555 2534 1598 2568 ad
1612 2532 1782 2578 agendum
1794 2558 1804 2574 ,
1829 2532 1887 2566 nisi
1903 2532 2015 2567 saltem
2031 2543 2109 2567 cum
2125 2529 2258 2566 cautio-

1302 2592 1364 2622 ne,
1398 2590 1438 2615 ut
1459 2580 1596 2615 secutus
1624 2581 1693 2616 sum
1710 2579 1778 2628 suh
1798 2581 1911 2615 eodem
1935 2593 1967 2617 n.
1989 2591 2046 2627 35.
2064 2578 2260 2628 versic-sed

1303 2629 1383 2677 quid
1402 2629 1589 2664 dicendum.

1352 2676 1541 2718 Secundo,
1565 2675 1647 2725 quia
1672 2670 1734 2712 isle
1760 2674 1808 2710 est
1833 2675 2012 2724 adjectus,
2039 2675 2097 2711 cui
2119 2676 2258 2712 traditio
2271 2680 2316 2725 64

1304 2723 1481 2772 scripturae
1502 2725 1535 2759 in
1557 2735 1689 2760 omnem
1710 2721 1821 2759 casum
1841 2724 2058 2772 praesumitur
2069 2723 2154 2760 faeta
2174 2725 2260 2762 citra

1305 2785 1427 2808 nomen
1446 2773 1678 2820 procuratoris
1695 2772 1739 2808 ad
1763 2773 1840 2809 lites
1855 2799 1866 2814 ‚
1890 2783 1930 2807 ut
1946 2773 2014 2808 dixi
2036 2775 2138 2821 supra
2155 2785 2187 2809 n.
2200 2784 2261 2816 44.

1306 2832 1389 2868 ergo
1408 2821 1491 2856 nibil
1505 2821 1655 2864 relevat,
1676 2819 1775 2870 quod
1792 2822 1952 2870 probaret
1967 2821 2080 2864 etiarn,
2093 2819 2262 2862 sibiluiffe

1306 2870 1473 2906 traditam.

1355 2916 1539 2966 Quicquid
1557 2915 1654 2965 poffit
1670 2914 1741 2952 dici
1754 2916 1785 2953 in
1797 2917 1928 2965 puncto
1940 2917 2044 2966 juris,
2060 2928 2130 2952 non
2147 2916 2193 2952 est
2211 2928 2259 2953 re·
2273 2926 2317 2974 63

1306 2966 1497 3004 cedendum
1514 2966 1555 3000 ab
1569 2965 1775 3007 extenfione,
1792 2966 1873 3014 quia
1887 2965 2038 3003 servatur
2052 2965 2085 3000 in
2101 2965 2205 3013 praxi,
2220 2974 2261 3002 ut

1307 3016 1376 3053 dixi
1385 3017 1492 3063 supra
1511 3027 1542 3049 n.
1559 3025 1613 3061 55.
1625 3017 1658 3048 in
1662 3014 1813 3062 stcunda
1828 3015 2032 3050 limitatione.

1355 3063 1514 3100 Extende
1533 3062 1683 3098 secundo
1694 3088 1705 3104 ,
1724 3072 1764 3098 ut
1776 3062 1940 3108 procedat
1953 3091 1964 3108 ,
1977 3062 2078 3098 etiam
2092 3062 2115 3097 fi
2131 3062 2192 3096 iste
2204 3059 2265 3096 ad-

1306 3112 1435 3160 jectus,
1462 3110 1546 3146 idest
1564 3137 1574 3153 ,
1607 3110 1668 3160 qui
1697 3110 1863 3157 producit
1881 3109 2104 3159 scripturam,
2133 3121 2202 3146 non
2224 3108 2264 3145 fit

1307 3161 1404 3196 aliter
1418 3160 1612 3194 nominatus
1632 3158 1664 3193 in
1677 3157 1744 3204 ipsa
1767 3158 1949 3205 scriptura,
1975 3170 2014 3195 ut
2027 3159 2110 3207 quia
2124 3158 2162 3193 fit
2182 3168 2264 3193 con-

1308 3219 1407 3255 cepta
1429 3207 1489 3242 sub
1510 3206 1617 3242 forma
1630 3233 1641 3249 ,
1666 3205 1711 3241 de
1727 3218 1796 3255 qua
1809 3206 1991 3255 suprasub
2006 3219 2036 3241 n.
2054 3209 2110 3254 56.
2125 3205 2206 3254 quia
2229 3205 2263 3239 in

1309 3269 1353 3291 eo
1371 3256 1513 3291 formula
1534 3255 1651 3304 sicque
1671 3254 1705 3288 in
1719 3254 1783 3290 hae
1796 3254 1865 3301 ipsa
1890 3254 2086 3290 extensione
2111 3254 2264 3302 loquun-

1308 3316 1364 3340 tur
1380 3304 1502 3349 Rebuff.
1521 3304 1649 3338 Strach.
1662 3305 1698 3340 (θ’
1711 3304 1806 3339 Boer.
1817 3314 1907 3350 quos
1923 3302 2062 3338 secutus
2076 3302 2146 3337 sum
2154 3304 2263 3350 supra

1307 3366 1393 3387 num.
1409 3365 1466 3399 55.

1359 3399 1542 3447 Quicquid
1568 3399 1600 3433 in
1622 3399 1829 3434 contrarium
1852 3399 1998 3435 tenuerit
2019 3397 2262 3435 Matth.Coler.

1309 3449 1327 3483 ὲ
1342 3460 1396 3482 me
1409 3448 1532 3483 citatus
1542 3448 1718 3495 fhpmsub
1729 3459 1759 3481 n.
1778 3456 1830 3491 55.
1846 3448 1881 3484 &³
1894 3449 1950 3481 62.

1355 3495 1473 3530 Insero
1491 3508 1530 3529 ex
1545 3496 1641 3530 dictis
1654 3497 1686 3530 in
1698 3495 1761 3529 hac
1772 3494 1915 3529 secunda
1929 3494 2138 3533 limitatione,
2151 3491 2260 3540 ejusq3
2272 3501 2314 3537 56

1308 3543 1556 3580 extensionibus
1566 3569 1573 3583 ,
1590 3543 1685 3590 quod
1701 3542 1903 3588 praesentans
1917 3542 2170 3577 instrumentum
2181 3568 2191 3583 ,
2205 3540 2260 3574 seu

1309 3592 1403 3626 aliam
1421 3592 1617 3637 scripturam
1635 3590 1870 3638 obligatoriam
1886 3590 1929 3624 ad
1949 3590 2099 3626 favorem
2123 3589 2261 3624 alterius

1308 3651 1410 3687 quam
1421 3638 1663 3685 praesentantis,
1678 3651 1747 3673 non
1763 3637 1873 3683 potest
1889 3649 1990 3684 agere
2002 3637 2142 3685 proprio
2156 3636 2262 3672 nomi-

1307 3699 1369 3730 ne,
1395 3687 1451 3723 sed
1469 3688 1572 3723 debet
1585 3699 1686 3733 agere
1699 3685 1837 3721 nomine
1859 3687 2118 3733 procuratorio,
2146 3696 2261 3736 quarn-

2212 3743 2260 3767 vis

2343 215 2345 232 ι

2343 251 2345 268 i

2344 269 2345 293 l

2344 303 2346 326 l

2282 428 2303 450 ο
2344 419 2384 456 vl

2347 452 2349 496 l
2382 461 2383 490 i

2347 499 2349 513 i
2381 494 2384 514 i

2383 547 2385 574 i

2384 579 2400 602 lt*
