2400 3939
204 2412 253 2447 90

309 156 421 212 454

680 126 1038 212 Sigismundi
1060 127 1300 188 Scacciae
1322 125 1516 187 Tra&
1542 127 1616 187 de
1640 130 1929 188 Commer.

310 232 331 265 l.
360 229 547 271 responsum
571 225 1182 273 restringuntadi··-1eressefingulare
1201 237 1273 258 mo—
1319 221 1412 257 circo
1445 225 1490 256 eil
1526 222 1590 258 msa
1621 223 1804 264 distmstio,
1828 223 1882 258 sen
1918 222 2039 257 divino
2065 233 2142 258 cum
2167 220 2275 260 omni-

311 288 394 313 veor
418 291 456 312 ex
485 279 648 323 plunbua.
670 275 780 310 Primo
797 301 805 316 ,
823 285 903 321 quia
921 273 1122 319 restringunt
1138 285 1205 307 non
1217 272 1269 306 so-

311 329 376 363 lum
394 327 459 359 fine
478 328 554 371 lege
579 328 692 372 (curn
717 323 749 357 izi
784 333 862 357 toto
897 326 969 368 iure
988 321 1080 354 civili
1106 321 1266 354 fiatmen-

309 376 362 409 tio
392 374 583 408 nominatim
607 372 651 406 de
669 384 711 405 eo
727 393 737 411 ‚
766 370 863 418 quod
883 367 903 403 si
918 369 1086 415 =gulariter
1101 368 1267 414 interest)

310 424 363 456 led
398 434 496 455 etiam
525 431 642 456 contra
674 420 771 453 verba
786 445 795 458 ,
813 429 954 452 mentem
983 417 1015 451 ὃς
1033 429 1138 450 totam
1153 416 1266 450 seriem

310 468 410 505 dsst‘tae
426 473 448 503 l.
471 473 585 508 uait-cc,
605 479 686 514 qua³
708 467 894 512 simpliciter
908 488 918 507 ,
951 466 982 498 δέ
1006 463 1158 498 absolute
1174 475 1267 497 vetat

310 519 364 560 id,
393 517 488 564 quod
513 517 668 554 interest,
693 517 833 558 duplum
865 512 1050 546 excedere:
1077 525 1158 559 qnae
1195 511 1266 563 fim-

310 570 387 613 plex
413 565 543 599 vetatio
557 591 565 604 ‚
586 575 663 597 cum
684 562 720 596 fit
746 560 918 594 indefinita
933 587 942 600 ,
973 561 1173 607 aequipollet
1191 571 1267 593 unic-

311 613 425 648 versali
439 641 447 653 ‚
470 615 502 647 ὅ(
521 611 768 657 consequenter
791 608 1071 654 comprehendit,
1092 620 1155 643 tarn
1169 608 1266 655 quod

312 662 516 707 singulariter
539 659 695 698 interest,
721 669 822 703 quam
862 656 957 702 quod
994 656 1078 689 ultra
1117 656 1265 702 simplum

311 699 457 758 quoquo
480 708 583 741 modo
613 705 758 739 interest.
783 705 945 738 Secundo
972 716 1114 738 moveor
1136 716 1175 737 ex
1194 703 1262 737 dic-

311 770 405 793 tione
429 754 602 790 universali
635 754 813 799 negativa,
838 756 986 791 minime,
1022 764 1089 798 qna
1120 752 1171 785 illa
1214 752 1265 785 lex

310 806 362 842 usa
382 805 438 838 est.
467 803 589 838 Tertio
604 827 613 843 ‚
648 814 725 848 quia
742 814 780 835 ex
809 800 976 845 prooemio
990 799 1139 846 ejusdem
1157 800 1239 846 legis
1253 825 1262 840 ‚

310 853 401 887 unde
429 851 602 898 colligitur
628 849 733 884 finalis
751 849 916 889 intentio,
941 848 964 881 l.
986 848 1072 894 siff
1086 849 1126 882 de
1141 848 1258 881 hit—red.

307 903 406 942 instit.
429 900 482 934 illa
513 901 563 932 lex
592 911 657 932 non
686 898 726 932 ad
762 907 906 943 paucas,
946 895 1000 930 sed
1036 898 1077 931 ad
1116 895 1262 930 infinitas

310 949 540 984 dubitat-‚ones
553 946 786 981 rescindendas
804 944 866 977 snit
881 946 1018 989 prolata:
1031 956 1112 991 ergo
1126 956 1191 978 non
1206 956 1262 991 pa—

309 997 394 1032 titur
419 995 652 1030 restriftionem
679 992 719 1027 ad
751 1004 915 1038 paucum,
950 993 983 1026 ὃ(
1005 994 1101 1039 quod
1119 1003 1191 1026 raro
1209 1004 1262 1026 ac-

305 1045 415 1086 cidit,
440 1055 558 1079 contra
588 1042 633 1076 sui
657 1040 859 1088 proemium,
892 1040 924 1073 ὅ(
967 1052 1086 1074 contra
1115 1041 1137 1074 l.
1168 1052 1201 1082 4.
1225 1054 1264 1074 ex

305 1093 378 1134 his,
409 1093 443 1128 (ἃ
466 1093 490 1128 l.
522 1103 550 1136 ς.
572 1103 646 1125 nam
676 1089 723 1122 ad
746 1089 831 1132 eaff.
848 1088 889 1121 de
903 1087 998 1135 legib.
1028 1088 1168 1130 Quarto
1182 1092 1262 1135 quia

305 1154 422 1175 otrnes
446 1139 593 1174 fatentur
610 1165 618 1179 ‚
650 1148 762 1172 totum
793 1136 958 1183 reliquum
986 1148 1184 1171 contextum
1209 1137 1258 1169 lo-

303 1190 365 1236 qui
391 1187 434 1223 de
458 1199 538 1222 toto
563 1198 625 1227 eo,
656 1185 752 1233 quod
773 1183 906 1218 interest
926 1196 932 1216 :
963 1196 1044 1230 ergo
1061 1197 1122 1220 cur
1149 1185 1180 1217 in
1201 1185 1260 1219 illo

301 1237 376 1272 solo
406 1235 571 1271 verficulo
605 1245 667 1269 tam
705 1230 818 1266 varie?
856 1232 1021 1274 Quinto,
1046 1233 1126 1280 qnia
1152 1232 1256 1267 Doct.

304 1297 341 1320 ea
372 1286 504 1320 ratione
523 1283 758 1316 restrinxerunt
783 1280 824 1312 ad
844 1279 999 1314 interesse
1018 1280 1200 1327 singulare,
1220 1291 1260 1316 ut

302 1333 466 1369 evitarent
493 1331 665 1377 objectum
691 1329 869 1363 multarum
884 1328 996 1375 legum
1015 1356 1024 1370 ‚
1039 1330 1164 1376 quibus
1181 1341 1259 1376 pro-

303 1382 428 1423 batur,
455 1379 568 1415 deberi
594 1389 702 1414 totum
729 1375 879 1410 interesse
896 1403 905 1417 ‚
926 1377 1023 1411 etiam
1053 1378 1075 1411 fi
1118 1377 1260 1413 excedat

303 1429 471 1475 duplum;
497 1427 552 1462 sed
573 1427 650 1461 haec
672 1424 891 1459 contrarietas
923 1425 1055 1460 tollitur
1091 1425 1158 1458 fine
1193 1425 1257 1460 hac

299 1477 505 1512 restrittione
519 1503 528 1518 ‚
552 1475 633 1523 quia
664 1473 732 1508 illae
758 1473 789 1506 ll.
811 1472 940 1518 optime
955 1475 1164 1508 conveniunt
1179 1484 1258 1507 cum

299 1527 335 1563 d.
362 1526 385 1560 l.
411 1529 531 1566 unica,
562 1535 599 1558 ut
629 1532 720 1569 patet
747 1532 787 1554 ex
813 1520 885 1562 his,
903 1532 984 1568 quae
1007 1521 1257 1569 diximusfiipr.

299 1579 422 1608 numer.
454 1585 508 1620 73.
539 1573 572 1607 ὅ(
594 1574 682 1622 seqq.
715 1572 748 1606 (9³
772 1571 860 1615 iiffra
885 1580 1008 1605 numer.
1036 1583 1094 1613 94.-
1122 1572 1257 1618 &seqq.

301 1634 416 1656 omnes
437 1623 522 1655 enirn
552 1621 620 1655 illae
643 1620 676 1652 ll.
706 1617 916 1652 reducuntur
935 1618 977 1651 ad
1001 1630 1096 1653 unam
1134 1619 1255 1653 conso—

298 1670 440 1704 nantiam
478 1680 554 1703 curn
587 1669 620 1703 d.
642 1669 666 1702 l.
691 1668 804 1706 unica,
837 1664 989 1700 adhibita
1020 1666 1255 1707 distinetione,

295 1718 339 1752 de
368 1729 436 1766 qua
451 1720 528 1765 sup.
546 1717 611 1764 sub
645 1719 767 1750 numer.
794 1715 849 1756 69.
865 1715 950 1760 vers
961 1714 1004 1759 fit
1015 1714 1158 1764 ergo‚&
1176 1716 1253 1763 insu

293 1778 381 1801 num.
411 1778 469 1809 94.

345 1814 462 1850 Infero
496 1815 605 1861 primo
633 1824 672 1846 ex
711 1809 774 1845 hac
808 1811 1002 1846 extensione
1028 1838 1038 1853 ,
1073 1809 1249 1846 disceden-

293 1863 375 1897 dum
404 1863 502 1898 nobis
526 1862 591 1897 esse
610 1861 630 1895 ὰ
652 1861 701 1909 gl.
732 1863 764 1892 in
789 1859 812 1892 l.
836 1861 955 1900 unica,
986 1863 1018 1894 in
1045 1860 1168 1901 verbo,
1189 1861 1251 1894 dn-

289 1912 351 1961 pli.
368 1911 567 1957 Bart.fi1bn.
589 1923 642 1957 ²7·
654 1908 755 1943 Bald.
768 1919 799 1941 n.
818 1920 872 1951 ²3·
886 1911 973 1955 vers.
988 1920 1089 1955 quaero
1107 1908 1192 1954 quod
1206 1911 1253 1942 in-

290 1960 399 2008 tereffe
412 1986 422 2001 ‚
452 1957 558 2007 &sub
577 1970 698 1993 numer.
718 1957 772 1990 26.
790 1957 877 2002 veis.
906 1957 984 2002 quid
999 1958 1030 2001 fi
1046 1959 1198 2003 promitto
1212 1960 1253 1990 ti-

291 2008 324 2042 bi
340 2035 349 2048 ,
380 2008 414 2044 ἐπ’
437 2010 534 2056 0ηὲηό
552 2018 673 2041 numer.
701 2004 754 2050 58.
781 2003 815 2040 ό
842 2004 897 2037 62.
929 2005 994 2045 ihi,
1011 2004 1167 2052 proediHa
1186 2008 1251 2051 opi-

287 2059 363 2096 nio,
390 2056 471 2090 dum
499 2055 732 2101 restringentes
754 2052 928 2098 regulam,
959 2053 1014 2087 seu
1046 2051 1189 2098 primurn
1213 2053 1247 2087 d.

290 2105 314 2138 l.
337 2107 436 2139 unicae
464 2103 677 2149 responsum,
705 2099 852 2134 scribunt
884 2111 920 2134 ea
951 2100 972 2137 l.
1008 2101 1253 2147 comprehendi

288 2151 396 2187 solum
418 2152 570 2187 interesle
597 2150 782 2198 singulare:
815 2160 888 2182 nam
910 2148 969 2183 etsi
1002 2148 1079 2183 haec
1105 2149 1249 2183 fitcom-

289 2200 399 2234 munis
424 2200 542 2247 opinio
556 2226 564 2239 ‚
591 2197 647 2233 seu
677 2195 836 2231 ressrittio
852 2222 861 2236 ‚
881 2207 920 2231 ut
948 2198 1086 2232 testatur
1097 2200 1196 2246 Cagn.
1213 2197 1248 2233 d.

290 2260 414 2283 numer.
433 2250 488 2293 58.
501 2248 589 2282 &de
608 2244 796 2282 communi:
833 2246 865 2278 δι
891 2244 1014 2279 veriori
1031 2257 1150 2280 contra
1166 2248 1248 2281 Dec.

280 2296 345 2344 sub
362 2309 392 2330 n.
408 2297 464 2343 76.
480 2298 567 2343 vers.
577 2295 733 2342 superest,
755 2302 864 2327 tamen
899 2291 1098 2329 confutatur
1120 2306 1159 2328 ex
1174 2294 1225 2327 his
1237 2320 1247 2335 ‚

289 2355 370 2392 quae
383 2344 507 2379 adduxi
521 2344 572 2379 hic
581 2345 700 2390 supra.

312 2392 453 2428 infero
479 2390 650 2430 secundo,
675 2389 771 2439 quod
796 2391 880 2426 ficut
906 2401 990 2423 vana
1015 2389 1060 2424 est
1084 2389 1247 2424 restrictio

288 2439 330 2474 ad
358 2440 516 2476 interesse
532 2439 713 2486 singulare,
737 2448 775 2473 ut
788 2439 856 2473 dixi
874 2437 930 2472 hic
950 2437 1046 2484 supra
1060 2464 1069 2478 ‚
1086 2437 1131 2483 ita
1146 2438 1246 2472 etiam

285 2488 468 2536 rejicienda
498 2488 544 2523 est
569 2489 621 2522 illa
652 2486 842 2528 distinato,
872 2497 972 2535 quam
1004 2485 1036 2521 se
1065 2485 1184 2520 mirum
1210 2486 1244 2520 in

284 2536 423 2572 modum
453 2546 655 2584 torquentes
678 2536 769 2571 circa
793 2534 995 2571 inteneetum
1024 2533 1113 2582 saepe
1128 2534 1246 2569 citatae

285 2586 310 2619 l.
344 2596 396 2625 14.
422 2586 598 2626 Julianus,
616 2584 659 2630 ff.
686 2585 727 2618 de
748 2584 812 2617 αξὲ.
841 2580 1180 2632 empt.faciuntinter
1198 2583 1246 2616 in-

285 2633 405 2668 teresse
423 2632 632 2668 intrinsecum
649 2657 657 2672 ‚
682 2632 947 2667 &extrinsecum
959 2656 969 2672 ‚
994 2632 1050 2665 seu
1066 2630 1150 2666 intra
1163 2643 1242 2672 rem,

285 2682 321 2716 &
351 2691 443 2716 extra
468 2692 559 2721 rem,
580 2683 654 2725 Cyn.
685 2683 718 2714 in
742 2680 776 2714 d.
805 2682 828 2714 l.
861 2684 947 2715 unic.
968 2679 1033 2729 sub
1059 2691 1181 2714 numer.
1213 2690 1242 2724 5.

285 2732 321 2764 in
351 2741 381 2775 3.
401 2729 523 2777 oppostt.
550 2728 690 2768 dicens,
724 2728 821 2775 quod
850 2729 916 2765 illae
941 2727 1174 2773 oppositiones
1190 2727 1240 2761 in-

287 2788 338 2812 ter
364 2789 448 2825 quas
474 2775 644 2824 oppositio
676 2775 720 2810 de
736 2776 813 2811 dic‘s.
841 2778 863 2811 l.
880 2775 1035 2813 Julianus
1049 2802 1058 2816 ‚
1075 2774 1244 2810 suntmul-

287 2835 362 2859 tum
393 2835 582 2871 corruptae,
612 2826 644 2860 &
668 2823 899 2859 difficillimum
934 2822 979 2856 est
1005 2835 1058 2858 eas
1088 2823 1243 2866 solvere,

287 2873 324 2910 (9'
349 2885 472 2908 numer.
499 2884 549 2918 ¹5·
585 2872 643 2906 ubi
676 2872 854 2914 dubitans,
881 2869 979 2920 quod
1006 2871 1161 2906 interesse
1189 2884 1244 2919 ap-

285 2913 432 2968 pelletur
454 2920 698 2962 extrinsecum,
724 2920 758 2954 ὅ(
791 2920 888 2968 quod
918 2919 1157 2961 intrinsecum,
1194 2920 1244 2954 in-

286 2969 387 3016 quit,
416 2968 558 3003 eundem
588 2967 653 3002 effe
686 2969 716 3003 in
742 2968 952 3015 profundum
975 2967 1115 3015 pelagi,
1146 2970 1243 3004 Bart.

277 3017 344 3065 sub
369 3029 488 3051 numer.
513 3029 546 3063 7.
575 3018 661 3064 vers
687 3028 802 3065 oppono
820 3021 916 3051 tertio
932 3044 942 3059 ‚
967 3017 1137 3062 &Rebuffi
1152 3018 1243 3066 ingl.

287 3068 323 3099 in
339 3065 443 3100 verba
455 3090 466 3104 ‚
492 3064 586 3112 dupli
602 3091 611 3105 ‚
627 3077 750 3099 numer.
775 3076 823 3099 ει.
851 3067 936 3113 veijl
952 3065 1118 3113 quoddam
1137 3065 1180 3105 εΙΞ
1193 3069 1245 3099 in-

288 3113 397 3161 tereffe
419 3115 632 3159 extrinsecum
654 3113 770 3147 dicens
785 3139 794 3153 ‚
810 3113 888 3147 hinc
906 3113 1052 3159 pendere
1075 3113 1168 3159 leges
1184 3140 1193 3155 ,
1209 3114 1243 3148 &

288 3159 476 3207 Prophetas
488 3186 498 3201 ,
515 3161 548 3195 &
567 3160 619 3194 alii
632 3161 853 3196 communiter
865 3187 873 3202 ‚
892 3161 972 3196 dum
982 3171 1020 3195 ut
1036 3161 1166 3196 solvant
1182 3174 1244 3208 og-

289 3209 434 3255 jeflum,
458 3209 554 3256 quod
575 3219 614 3242 ex
636 3209 672 3243 d.
702 3209 726 3243 1.
755 3211 929 3252 Julianus,
956 3208 1091 3244 sumunt
1121 3209 1242 3243 adver-

288 3255 344 3290 sus
368 3257 453 3291 hanc
488 3257 656 3302 regulam,
682 3255 785 3290 consu
814 3256 888 3292 iunt
918 3257 960 3292 ad
986 3257 1073 3292 hanc
1104 3256 1241 3292 distinc-

290 3304 417 3339 tionem
442 3303 486 3340 de
511 3302 665 3339 interesse
686 3269 870 3340 extrinseco
885 3331 895 3346 ‚
914 3307 946 3340 &
973 3304 1172 3347 intrinseco,
1198 3306 1242 3340 de

289 3353 481 3396 communi,
507 3352 550 3386 de
572 3362 747 3387 convento
764 3378 772 3393 ‚
799 3354 831 3386 δε
852 3353 895 3386 de
905 3353 1084 3400 singulari3
1104 3364 1185 3402 quae
1195 3353 1242 3387 sa-

289 3410 334 3434 ne
359 3399 549 3440 distinato,
581 3399 626 3434 de
652 3399 804 3435 interesle
832 3401 1030 3442 intrinseco,
1061 3402 1108 3436 est
1139 3401 1242 3436 inuti-

289 3446 352 3489 lis,
377 3448 411 3481 δε
430 3447 526 3489 falsa,
548 3449 581 3484 ὅ(
603 3448 622 3482 ὲ
652 3449 699 3495 gl.
726 3448 759 3482 &
781 3449 885 3484 Dost.
905 3450 970 3483 fine
987 3449 1064 3496 lege
1080 3449 1242 3493 conficta,

289 3495 323 3529 in
356 3504 423 3542 qua
445 3495 510 3530 late
532 3497 565 3530 6<
591 3496 801 3532 turbulenter
824 3496 931 3531 Doe.
955 3498 1146 3544 gladiantur
1174 3509 1243 3533 non

288 3542 396 3578 solum
425 3541 521 3588 super
543 3543 740 3579 definitione
765 3545 882 3580 horum
899 3547 1123 3581 membrorum
1142 3573 1152 3588 ,
1184 3544 1242 3581 sed

288 3592 388 3631 ,etiam
410 3587 508 3638 super
524 3590 713 3636 effeetibuS,
737 3593 772 3628 <Sc
786 3592 946 3640 exemplis
965 3604 1104 3635 eorum,
1128 3596 1162 3630 &
1187 3593 1239 3630 id-

1321 272 1382 303 bus
1408 269 1472 306 suis
1497 260 1713 317 ambagibus,
1741 274 1774 307 ὅ(
1793 270 2063 306 intricationibus
2081 273 2272 317 rejicienda.

1369 318 1600 354 confirmatur
1620 319 1727 366 primo
1745 322 1821 353 hac
1839 319 1963 359 illatio,
1987 319 2067 353 dum
2083 321 2174 360 dixi,
2191 322 2275 356 lianc

1321 365 1563 402 distinc‘lionem
1593 367 1657 402 else
1682 380 1817 408 vanam,
1848 368 1880 401 ὁ(
1914 367 2040 402 fais-tm:
2069 369 2148 414 quia
2167 369 2225 403 etsi
2241 370 2275 404 in

1319 415 1395 459 jure
1416 415 1599 460 reperiatur
1629 417 1764 449 verbnm
1780 441 1790 455 ‚
1817 417 1956 462 intereſje
1971 441 1979 454 ‚
2007 414 2248 451 substantivum
2263 443 2274 458 ,

1321 462 1355 495 ἀ
1380 463 1517 496 verbum
1536 490 1546 504 ,
1571 467 1788 511 extrinsecus,
1813 465 1921 510 litque
1957 462 2138 512 subjeetum
2162 463 2272 511 dispo-

1320 508 1430 543 sitioni
1448 511 1624 546 multarum
1654 512 1765 555 legum
1779 536 1788 551 ‚
1818 509 2031 552 loquentium
2048 511 2090 544 de
2108 512 2272 555 interesse,

1321 558 1354 592 &
1383 556 1462 592 ideo
1477 572 1543 594 non
1565 559 1740 593 abhorreat
1759 570 1943 606 utrumque
1972 559 2109 593 verbum
2129 563 2272 606 conjun-

1320 616 1425 651 gere,
1449 616 1556 641 tamen
1581 608 1657 642 haec
1681 603 1878 652 conjunt‘tio
1908 606 1979 640 fieri
2007 619 2072 640 non
2102 610 2210 654 potest
2240 609 2274 643 in

1319 652 1499 689 intrinseco
1514 681 1523 694 ‚
1550 666 1628 688 cum
1657 654 1700 688 de
1723 666 1764 689 eo
1792 655 1907 689 nullibi
1929 654 2113 700 reperiatur
2135 657 2165 690 in
2179 658 2274 702 jure:

1320 712 1431 747 neque
1453 703 1561 748 potest
1586 701 1660 737 elici
1681 714 1719 736 ex
1746 707 1821 751 ejus
1834 701 2026 741 antitheto,
2048 707 2244 749 extrinsecus
2262 731 2273 745 ,

1319 751 1398 795 quia
1425 749 1579 784 interesse
1597 751 1638 784 esi.
1660 749 1743 797 qnid
1774 750 1938 785 diversum
1966 750 1983 784 a
2015 760 2050 783 re
2079 751 2275 798 principali,

1318 799 1350 832 &
1376 796 1454 832 ideo
1483 798 1606 846 semper
1627 799 1672 833 est
1693 808 1782 833 extra
1803 811 1871 833 rem
1890 825 1899 840 ‚
1933 798 2036 845 eique
2061 811 2127 833 non
2160 800 2242 834 inest
2264 826 2275 841 ,

1316 845 1372 879 sed
1411 857 1480 880 eam
1503 846 1674 893 sequitur,
1708 858 1864 893 tanquam
1893 846 2058 882 accessiot
2089 859 2193 894 quare
2214 848 2276 895 qni

1315 893 1453 928 remittit
1475 894 1614 935 damna,
1644 896 1677 929 <Sc
1703 895 1876 936 interesse,
1900 908 1966 929 non
1981 893 2136 929 censetur
2159 908 2273 932 remit-

1316 951 1386 975 tere
1411 953 1477 977 rem
1499 943 1712 990 principalem
1726 968 1736 983 ‚
1766 945 1866 978 Alex.
1883 946 1964 989 consi
1991 943 2272 990 168.requ1·fitus‚
2298 965 2306 974 ·

1315 991 1406 1023 initio
1425 1016 1433 1030 ‚
1460 1003 1580 1025 numer.
1619 1003 1647 1025 1.
1677 992 1816 1039 &seqq
1842 991 1935 1025 liber.
1963 1004 1994 1024 2.
2013 991 2110 1037 quod
2133 1004 2202 1026 non
2224 992 2270 1027 est

1313 1036 1347 1070 in
1369 1037 1521 1073 interesse
1553 1039 1752 1080 intrinseco,
1779 1039 1859 1086 quia
1882 1039 1928 1073 est
1951 1039 2035 1072 intra
2061 1050 2149 1081 rem,
2174 1040 2270 1076 ideo-

1313 1097 1384 1131 que
1404 1088 1452 1120 uti
1477 1099 1550 1132 pars
1568 1088 1666 1134 ipsius
1687 1087 1752 1128 rei,
1781 1087 1835 1121 seu
1858 1087 1966 1122 saltem
1993 1096 2150 1134 tanquam
2172 1100 2268 1124 natu-

1312 1134 1387 1167 ralis
1414 1133 1547 1181 sequela
1575 1136 1664 1170 venit
1699 1135 1925 1181 appellatione
1954 1134 2052 1181 ipsius
2082 1135 2149 1169 rei:
2176 1137 2268 1172 unde

1312 1181 1380 1216 hoc
1400 1185 1584 1218 membrum
1612 1183 1658 1217 est
1677 1183 1915 1229 rejiciendum,
1944 1185 1978 1219 ὃς
2007 1195 2069 1229 pro
2094 1182 2157 1218 hac
2182 1196 2266 1220 con-

1302 1228 1500 1272 firmatione
1523 1230 1650 1267 faciunt
1668 1232 2023 1279 declarationes‚quas
2045 1230 2144 1279 posui
2158 1235 2267 1281 snpra

1313 1291 1348 1312 71.
1364 1290 1416 1322 5¹·
1435 1280 1467 1315 (ῥ’
1489 1291 1541 1325 52.
2209 1324 2212 1325 ⁷

1358 1326 1589 1362 Confirmatur
1608 1327 1758 1363 secundo
1772 1355 1780 1368 ,
1804 1328 1885 1375 quia
1903 1326 2075 1364 Dostores
2097 1327 2164 1362 nixi
2191 1326 2266 1364 sunt

1312 1373 1508 1423 confingere
1535 1376 1609 1410 issas
1638 1377 1786 1411 verbales
1811 1376 2061 1418 dfflinfflones,
2079 1388 2118 1412 ut
2135 1377 2167 1410 se
2183 1377 2267 1412 libe-

1310 1434 1420 1457 rarent
1444 1427 1462 1458 a
1477 1425 1720 1460 contrarietate
1732 1452 1741 1466 ‚
1768 1437 1867 1473 quam
1882 1425 1942 1470 ipfi
1957 1424 2200 1460 arbitrabantur
2211 1437 2266 1460 ex-

1311 1481 1382 1504 tare
1401 1472 1487 1506 inter
1514 1473 1538 1507 l.
1564 1476 1711 1513 unicam,
1734 1476 1768 1508 C.
1798 1474 1841 1508 de
1855 1476 1944 1521 sent.
1968 1485 2034 1518 quae
2050 1485 2109 1521 pro
2121 1485 2176 1513 eo,
2197 1474 2264 1510 &c.

1309 1530 1392 1565 quae
1412 1533 1479 1555 non
1496 1519 1643 1555 admittit
1674 1520 1828 1556 interesse
1841 1523 1927 1556 ultra
1948 1521 2088 1567 duplum
2103 1548 2112 1563 ‚
2134 1521 2266 1556 &inter

1311 1568 1334 1602 l.
1353 1578 1401 1608 14.
1423 1569 1654 1615 Julianus,ff.
1681 1571 1723 1603 de
1750 1571 1814 1604 afz‘.
1839 1582 1935 1617 empt.
1959 1569 1995 1606 ὅ]
2017 1571 2040 1604 l.
2058 1570 2088 1603 8.
2109 1569 2265 1604 venditor

1307 1614 1453 1657 hominis,
1463 1614 1504 1662 ff.
1517 1617 1559 1650 de
1571 1619 1669 1651 evici.
1687 1630 1768 1665 quae
1787 1616 1969 1653 secundum
1991 1628 2051 1653 eos
2082 1616 2265 1653 admittunt

1308 1662 1461 1699 interesse
1477 1666 1564 1700 ultra
1581 1665 1722 1712 duplutn
1737 1678 1744 1701 :
1766 1665 1822 1700 sed
1838 1666 1896 1701 ista
1914 1665 2134 1701 contrarietas
2149 1665 2262 1707 cessat,

1307 1722 1384 1745 cum
1395 1712 1462 1748 illae
1478 1713 1570 1760 leges
1584 1714 1798 1751 concordent
1811 1726 1887 1749 curn
1899 1716 1934 1749 d.
1943 1715 1967 1750 I.
1983 1715 2265 1760 unica,C.defi·nt.

1306 1772 1371 1805 quae
1383 1771 1441 1807 pro
1459 1775 1505 1800 eo,
1523 1764 1588 1799 &a
1614 1775 1698 1810 ergo
1713 1761 1836 1798 cessare
1863 1762 1986 1798 debent
2006 1762 2078 1798 issae
2105 1763 2264 1798 confiftae

1305 1808 1548 1845 dislinfliones:
1568 1812 1600 1846 &
1613 1810 1711 1858 quod
1729 1810 1842 1854 cester,
1853 1821 1947 1859 patet
1959 1822 2000 1846 ex
2011 1810 2063 1846 his
2075 1838 2085 1853 ,
2113 1822 2196 1860 quae
2209 1823 2263 1846 re-

1307 1856 1387 1890 misli
1396 1869 1435 1891 ve
1447 1857 1515 1892 dixi
1525 1859 1690 1906 suprasub
1703 1872 1733 1893 n.
1752 1859 1807 1902 89.

1354 1905 1509 1942 Extende
1525 1907 1734 1946 secundo,ut
1751 1907 1903 1955 quamvis
1931 1906 2105 1948 interesse,
2130 1906 2175 1942 de
2189 1919 2260 1956 quo

1293 1954 1399 1999 supra
1416 1967 1540 1989 numer.
1557 1955 1614 1989 88.
1627 1954 1736 2002 posset
1757 1956 1912 1990 converti
1927 1956 1958 1990 in
1974 1955 2136 2002 capitale,
2154 1968 2261 2004 ρει-εει

1303 2013 1384 2047 quae
1403 2003 1579 2050 dixisupra
1593 2016 1713 2038 numer.
1733 2015 1787 2049 33.
1808 2004 1842 2040 &
1855 2004 1913 2048 fi‘b
1929 2016 2050 2040 numer.
2062 2006 2120 2047 46.
2137 2005 2262 2041 &ideo

1302 2049 1399 2095 poffit
1414 2052 1578 2085 excedere
1591 2051 1745 2098 duplum,
1761 2051 1784 2086 fi
1800 2064 1839 2086 ex
1855 2052 2022 2099 qualitate
2048 2053 2263 2096 contianus,

1302 2099 1335 2131 ὃς
1354 2099 1518 2145 qualitate
1530 2099 1709 2135 creditoris
1726 2100 1810 2135 illud
1831 2100 1987 2135 interesse
2007 2100 2046 2135 fit
2066 2100 2261 2148 specificum

1302 2147 1487 2191 objefturm
1506 2159 1544 2182 ut
1558 2147 1624 2182 dixi
1639 2151 1697 2196 inf.
1712 2161 1832 2183 numer.
1854 2161 1932 2184 iot.
1958 2159 2068 2184 tamen
2090 2149 2124 2184 in
2138 2151 2260 2186 eodem

1301 2195 1373 2234 caii,
1385 2195 1405 2228 fi
1418 2195 1635 2231 deficiathoc
1653 2197 1825 2243 objeetum
1841 2196 2048 2244 specificum,
2060 2209 2128 2233 non
2147 2199 2259 2245 potest

1305 2244 1470 2278 excedere
1481 2245 1635 2290 duplum.

1347 2290 1470 2326 Limita
1487 2304 1577 2326 nunc
1598 2293 1738 2327 eandem
1756 2292 1905 2338 regulam
1921 2319 1930 2333 ,
1962 2293 2137 2341 positivam
2149 2297 2258 2343 supra

1289 2337 1354 2385 fith
1369 2353 1491 2374 numer.
1513 2344 1568 2384 69.
1587 2343 1673 2389 vers.
1682 2341 1725 2388 fit
1735 2351 1809 2389 ergo
1830 2342 1945 2389 regula
1967 2343 2034 2389 (ὃς
2049 2343 2125 2378 haec
2138 2343 2258 2379 limita-

1298 2397 1348 2422 tio
1363 2389 1425 2423 erit
1440 2388 1625 2423 secundum
1643 2388 1824 2425 membrum
1838 2389 2076 2433 distinctionis,
2105 2403 2174 2439 qua
2189 2393 2258 2427 uti-

1298 2445 1354 2471 tur
1368 2436 1491 2483 Imper.
1507 2440 1539 2472 in
1555 2439 1579 2472 l.
1596 2437 1786 2477 unica‚c.de
1789 2439 1877 2485 sent.
1892 2451 1958 2485 qua:
1970 2450 2029 2486 pro
2040 2453 2087 2480 eo,
2105 2443 2169 2477 ὢν.
2180 2443 2213 2476 ἀ
2224 2441 2259 2477 in

1300 2484 1448 2519 terminis
1458 2485 1561 2532 hujus
1572 2485 1780 2521 limitationis
1795 2486 1959 2532 procedet
1968 2487 2114 2522 secunda
2127 2487 2259 2535 opinio,

1296 2532 1341 2567 de
1354 2545 1422 2580 qua
1427 2536 1522 2581 supr.
1531 2547 1561 2571 n.
1573 2536 1630 2578 64.
1649 2537 1668 2581 )
1685 2545 1721 2571 ut
1740 2545 1809 2568 non
1825 2534 1992 2580 procedat
2007 2534 2039 2570 in
2051 2536 2181 2572 cafibus
2194 2539 2257 2587 qui

1297 2581 1415 2616 incerti
1433 2581 1502 2616 esse
1512 2581 1681 2624 videntur,
1695 2582 1775 2630 quia
1798 2581 1830 2616 in
1849 2582 1917 2617 istis
1933 2582 2138 2632 'udices‚qui
2148 2587 2260 2624 causas

1296 2629 1499 2664 dirimendas
1512 2630 1693 2677 suscipiunt
1704 2631 1828 2666 debent
1839 2639 1910 2665 atte
1937 2635 2071 2673 dere,ut
2081 2633 2150 2668 hoc
2159 2634 2259 2682 quod

1298 2689 1334 2712 re
1352 2689 1429 2713 vera
1443 2677 1615 2714 inducitur
1629 2679 1798 2720 damnum,
1816 2678 1989 2721 reddatur,
2008 2689 2045 2716 ut
2058 2681 2093 2715 in
2105 2681 2166 2717 d.l.
2183 2685 2259 2718 uni-

1297 2739 1349 2766 ca,
1360 2726 1407 2761 ibi
1419 2729 1451 2760 in
1469 2728 1550 2760 aliis
1559 2739 1667 2762 autem
1678 2728 1812 2768 casibus.

1346 2773 1450 2809 Ratio
1468 2773 1791 2820 hujuslimitationis
1809 2776 1854 2809 est
1865 2775 2014 2819 evidens,
2027 2776 2108 2824 quia
2123 2786 2255 2814 tantum

1297 2834 1457 2869 operatur
1473 2823 1680 2869 propositum
1693 2825 1725 2857 in
1741 2824 2099 2872 propofito‚quantum
2117 2826 2256 2874 oppofi-

1295 2880 1368 2905 tum
1383 2871 1415 2905 in
1431 2871 1612 2918 oppofi103
1629 2871 1685 2906 sed
1699 2872 1838 2920 quando
1861 2870 1955 2907 casus
1986 2873 2110 2908 habent
2128 2886 2257 2910 certam

1296 2919 1531 2966 quantitatem,
1546 2919 1600 2955 vel
1608 2932 1769 2961 naturam,
1779 2920 1866 2964 lunc
1880 2920 2037 2956 interesse
2051 2933 2197 2959 remanet
2207 2935 2258 2959 ta⁴

1296 2979 1411 3003 xatum
1429 2966 1511 3002 infra
1531 2967 1747 3015 duplum‚per
1761 2980 1798 3003 ea
1816 2968 1975 3016 quaelate
1976 2971 2095 3018 scripfi
2091 2974 2188 3018 supr.
2188 2971 2257 3021 sub

1296 3028 1419 3051 numer.
1434 3018 1489 3061 69.
1505 3016 1642 3063 vetssfit
1653 3029 1728 3066 ergo
1746 3018 1875 3066 regula,
1893 3017 1929 3055 ὠ
1934 3020 2028 3066 seqq.
2052 3030 2138 3067 ergo
2147 3019 2180 3055 itt
2191 3032 2255 3068 op-

1296 3064 1422 3111 posito,
1435 3065 1576 3112 quando
1585 3077 1652 3102 non
1666 3065 1791 3100 habent
1804 3091 1814 3107 ,
1831 3077 1898 3101 non
1913 3077 2059 3102 remanet
2077 3078 2227 3104 taxatum
2241 3094 2254 3110 ‚

1297 3112 1459 3147 militante
1475 3123 1558 3157 tunc
1573 3113 1773 3155 rationefde
1787 3124 1856 3162 qua
1869 3115 1963 3161 infra
1976 3118 2257 3166 numer-97.ve¹f.

1296 3172 1394 3196 rano.
1708 3174 1710 3176 ’
2187 3182 2190 3183 ⁷

1345 3208 1567 3256 Exemplifica
1596 3209 1706 3256 primo
1733 3209 1820 3244 hanc
1844 3211 2073 3247 limitationem
2094 3212 2128 3247 in
2147 3211 2223 3246 casu
2241 3234 2255 3254 ,-

1295 3268 1369 3304 quo
1390 3269 1446 3299 tu,
1470 3267 1611 3306 recepto
1630 3257 1650 3292 ὲ
1666 3270 1719 3292 me
1733 3259 1865 3305 pretio,
1877 3259 1995 3295 vendis
2011 3260 2103 3307 tigna
2120 3260 2163 3295 ad
2185 3259 2252 3294 ful-

1296 3304 1473 3347 ciendum,
1490 3305 1632 3341 domum
1660 3318 1764 3342 meam
1779 3333 1788 3348 ‚
1808 3310 1909 3354 qu'us
1923 3308 2094 3343 imminens
2119 3307 2252 3356 pericu-

1296 3353 1364 3387 lum
1379 3354 1439 3388 tibi
1457 3353 1503 3388 est
1518 3363 1639 3389 notum
1662 3353 1695 3388 in
1715 3357 1891 3391 commeta
1916 3356 2122 3393 venditionis
2140 3356 2253 3402 tig'no-

1296 3413 1384 3436 rum:
1405 3412 1443 3436 tu
1455 3403 1582 3448 postea,
1597 3401 1681 3437 dolo
1697 3404 1730 3438 &
1751 3404 2000 3440 machinatione
2026 3404 2172 3440 studiosa
2191 3403 2254 3438 ad-

1296 3448 1413 3490 hibita,
1432 3450 1475 3484 ad
1490 3450 1567 3485 mihi
1584 3451 1789 3493 nocendum,
1803 3455 1836 3489 ὅ(
1852 3452 2132 3487 damnificandum
2144 3478 2155 3493 ‚
2179 3451 2254 3486 ces·-

1296 3496 1344 3532 sas
1355 3498 1486 3533 tradere
1499 3499 1533 3533 d.
1547 3499 1652 3545 tigna,
1669 3499 1761 3534 unde
1774 3500 1897 3536 domus
1909 3511 1980 3539 mea
1996 3499 2063 3535 ruit
2076 3500 2099 3542 ‚'
2118 3499 2178 3534 iste
2206 3500 2255 3536 est

1299 3545 1396 3579 casus
1405 3546 1564 3582 interesse
1577 3545 1696 3587 debiti,
1708 3547 1763 3582 sed
1779 3547 1930 3584 incertus
1945 3558 2017 3584 tum
2027 3548 2158 3596 ratione
2170 3548 2260 3601 don&

1296 3603 1371 3629 tum
1393 3594 1475 3642 quia
1501 3595 1602 3632 dolus
1613 3594 1669 3630 ille
1682 3620 1693 3636 ,
1706 3596 1776 3634 five
1793 3595 1901 3637 causa,
1914 3607 1956 3631 ex
1972 3598 2042 3644 qut
2050 3596 2160 3634 oritur
2172 3597 2253 3633 haec

2188 3647 2253 3682 Ob-
