2400 3939
278 174 388 227 420

672 147 1026 231 Sigistnundi
1050 144 1293 206 Scacciae
1320 144 1519 208 Trat‘ffi.
1546 147 1620 208 de
1648 151 1941 211 Con-liner.

273 243 434 292 periculi,
449 240 618 288 separatim
631 238 706 274 sunt
721 236 861 290 permisli
876 264 884 278 ,
904 237 984 290 quia
999 236 1020 270 fi
1036 233 1117 270 fiant
1135 245 1174 285 ex
1189 232 1238 266 in·
1288 237 1363 271 liter
1383 236 1570 284 respondeo
1591 263 1600 278 ,
1628 235 1727 284 quod
1752 234 1824 283 ipse
1842 236 1914 271 eod.
1937 239 1989 272 rit.
2009 239 2042 273 6.
2066 237 2152 274 nu'm.
2170 251 2201 285 3.
2220 240 2256 277 (γ

274 292 439 344 tervallo,
462 287 563 323 cellat
577 288 795 334 praesumptio
810 284 1067 341 soenoriftcum
1082 282 1237 322 societaS,
1278 287 1373 332 seqq.
1399 284 1512 329 verfic.
1530 285 1596 331 sed
1623 284 1867 319 advertendum
1886 310 1896 324 ‚
1929 285 1964 320 ὠ
1980 289 2073 334 seqq.
2105 289 2227 333 probat

274 340 466 386 fimpliciter
486 335 679 376 contracta,
698 336 803 380 longe
823 333 922 368 distet
937 344 956 366 a
970 341 1115 367 mutuo:
1137 339 1170 363 at
1186 327 1238 362 so-
1288 334 1352 367 hos
1376 332 1466 367 duos
1495 332 1689 367 contractus
1722 331 1797 366 esse.
1819 332 1933 367 licitos
1953 358 1962 373 ,
1991 336 2091 368 etiam
2119 334 2143 368 si
2176 315 2256 370 fiani

275 388 380 423 cietas
394 413 403 428 ‚
428 385 560 432 inquit,
579 383 602 417 fi
622 383 681 418 fiat
697 394 775 416 cum
794 381 892 426 paeto
906 406 916 422 ‚
933 376 1157 415 incontinenti
1180 387 1238 423 ap-

277 437 389 483 pofito
404 462 413 477 ‚
432 433 531 483 quod
547 432 671 466 salvum
689 430 726 466 sit
747 429 890 476 capitale
904 455 914 471 ,
931 440 1001 463 non
1018 423 1237 471 distinguitur

275 487 295 520 a
318 494 450 519 mutuo.

273 538 281 548 ¹
329 532 426 575 Quia
450 528 638 575 respondeo
660 554 669 568 ‚
695 528 729 561 δε
756 525 895 574 quidam
915 523 957 558 ad
982 523 1068 558 Rot.
1101 521 1236 558 videtur

275 581 452 627 tripliciter
479 576 569 624 posse
592 574 794 623 responderi.

274 640 285 646 ·
326 628 438 663 Primo
463 653 472 667 ‚
504 625 601 672 quod
635 623 692 658 etsi
726 622 759 656 in
791 620 969 657 contrastu
1000 619 1110 656 mutui
1137 619 1237 665 posiit

277 675 479 713 confiderari
508 674 566 707 ista
601 672 690 709 fraus
717 670 906 715 coactionis
935 696 943 710 ‚
976 669 1018 703 ad
1051 668 1236 702 ineundum

275 724 486 760 contractum
514 719 766 755 aslecurationis
789 730 866 753 curn
889 725 1087 752 mutuatore
1109 742 1118 757 ,
1143 726 1178 749 ut
1202 718 1238 748 in

277 784 350 820 cap.
377 772 580 820 traviganti-,
608 768 651 803 de
676 779 750 816 quo
774 766 884 813 scripsi
899 768 976 813 sup.
993 767 1025 811 ξ.
1045 777 1074 800 1.
1096 763 1237 811 quaestd·

277 834 363 856 num.
385 821 463 864 498.
489 819 524 856 (9'
540 829 621 862 499.
647 816 725 852 dum
751 826 925 851 mutuator
947 814 1078 858 obligat
1105 823 1238 846 mutua-

275 869 397 905 tarium
435 868 478 903 ad
513 866 699 900 ineundum
740 862 950 899 contractum
984 859 1239 895 allecurationis

273 916 657 963 *cumipso‘r'nutuatore
681 925 689 949 :
716 922 824 947 tamen
847 912 915 945 hoc
933 909 1093 956 procedit
1114 909 1146 942 in
1165 919 1238 942 mu-

272 975 342 1001 tuo
362 982 380 1006 ¹,
407 966 441 999 ὃς
467 964 499 998 in
526 962 601 998 casu
623 989 633 1003 ,
668 959 969 1009 quo-rnutuatarii
1002 956 1170 1004 obligatio
1195 956 1241 990 de

275 1013 429 1049 ineundo
465 1010 639 1046 contraftu
675 1008 926 1043 aslecurationis
960 1015 1136 1053 appareret
1171 1006 1240 1039 2&

274 1074 350 1098 'non
377 1089 386 1104 ‚
423 1060 564 1109 quando
605 1070 673 1093 non
698 1065 873 1103 appareret
899 1081 908 1096 ‚
947 1055 1026 1089 licet
1053 1055 1088 1088 in
1119 1052 1240 1086 eodem

277 1110 456 1146 contractu
484 1107 594 1143 mutui
618 1107 716 1141 fieret
742 1104 936 1139 contractus
962 1101 1240 1137 alsecuratiouis:

280 1161 316 1195 &
340 1160 423 1193 dato
448 1184 457 1198 ,
485 1155 583 1204 quod
609 1153 812 1202 procederet
837 1178 847 1193 ‚
875 1153 973 1188 etiarn
999 1152 1021 1185 fi
1047 1162 1114 1186 non
1141 1161 1242 1197 appa-

279 1218 367 1243 reret
384 1204 552 1252 obligatio
577 1201 767 1239 mutuatarii
783 1228 790 1242 ,
810 1201 866 1235 sed
894 1213 933 1236 ex
960 1212 1002 1234 eo
1025 1199 1118 1240 solo,
1143 1198 1242 1244 quod

279 1255 360 1291 esset
386 1254 492 1290 faetus
519 1251 639 1287 eodem
669 1260 820 1296 tempore
852 1261 929 1284 cum
965 1247 1140 1283 contrastu
1170 1257 1243 1280 rnu-

278 1305 332 1340 tui
355 1330 365 1346 ‚
391 1313 500 1338 tamen
525 1311 609 1336 tunc
635 1299 837 1346 procederet
855 1309 893 1331 ex
911 1296 1176 1343 praesumptione
1192 1296 1251 1341 ju<

279 1353 324 1388 ris
346 1356 379 1386 in
406 1351 440 1385 d.
463 1361 534 1398 cap.
559 1350 737 1396 naviganti
757 1373 766 1387 ‚
793 1349 826 1381 δε
850 1358 917 1380 non
939 1357 979 1380 ex
1005 1345 1242 1391 praesumptio-

280 1414 324 1437 ne
352 1399 496 1435 hominis
522 1411 529 1433 :
556 1408 589 1432 at
615 1396 709 1430 casus
734 1396 846 1429 noller
872 1405 940 1428 non
972 1395 1018 1427 est
1050 1392 1143 1427 casus
1170 1403 1244 1424 mu-

279 1451 333 1486 t'ui
354 1476 363 1490 ,
391 1446 488 1495 quod
515 1447 560 1481 est
588 1456 665 1491 apta
694 1445 828 1478 materia
851 1441 997 1476 formalis
1024 1441 1134 1475 usurae
1158 1467 1166 1480 ,
1191 1439 1244 1474 sed

280 1499 328 1533 est
365 1497 470 1532 casus'
489 1493 660 1530 societatis
685 1519 695 1533 ‚
737 1495 769 1527 ὅ(
804 1491 893 1524 nulla
919 1489 1085 1537 praecessit
1113 1489 1242 1532 obliga-

281 1548 332 1583 tio
358 1573 367 1588 ‚
395 1546 428 1579 ὅ(
458 1555 526 1579 non
562 1541 784 1588 pra-cedente
818 1539 1031 1586 obligatione
1052 1565 1061 1579 ,
1099 1539 1246 1584 intinge-

282 1605 332 1630 ret
360 1591 578 1640 praesumptio
615 1602 683 1624 non
710 1589 793 1635 juris
814 1615 823 1629 ‚
860 1587 915 1621 sed
943 1586 1087 1622 hominis
1117 1613 1125 1626 ‚
1166 1597 1248 1632 (μιᾶς

283 1656 350 1678 non
378 1641 499 1676 sufficit
524 1667 533 1681 ‚
561 1641 719 1686 Caputaq.
750 1637 866 1672 eadem
891 1636 990 1682 decis]
1025 1636 1098 1679 163.
1125 1646 1247 1667 numer.

283 1705 316 1740 7.
349 1690 458 1726 fateor
493 1700 576 1735 ergo
603 1713 612 1726 ,
640 1686 734 1734 quod
771 1698 839 1719 non
864 1684 942 1718 licet
971 1683 1170 1718 contrahere
1198 1681 1246 1715 so-

284 1741 439 1775 cietatem
467 1749 507 1771 ex
542 1735 639 1784 pafto
667 1761 677 1777 ,
702 1745 741 1770 ut
769 1734 853 1768 alter
886 1743 1040 1767 teneatur
1065 1730 1250 1765 allecurare

284 1787 426 1837 aliquod
451 1786 582 1820 lucrum
603 1810 614 1826 ,
641 1784 674 1818 δε
700 1782 844 1828 capitale
867 1808 877 1822 ‚
903 1780 958 1814 scd
991 1792 1082 1826 nego
1111 1805 1120 1820 ‚
1151 1779 1249 1826 quod

282 1835 457 1872 contradat
484 1833 578 1881 prius
604 1842 760 1878 ternpore
779 1857 789 1871 ‚
820 1830 873 1863 vel
899 1840 1032 1863 naturae
1058 1827 1221 1861 societate
1241 1853 1249 1867 ,

283 1897 352 1920 non
379 1883 499 1931 poffint
527 1881 571 1917 de
596 1880 774 1928 utriusque
799 1879 901 1912 libera
927 1877 1104 1911 voluntate
1125 1875 1251 1909 aslecu-

285 1934 431 1968 rationes
458 1931 524 1966 illae
544 1929 615 1964 fieri
639 1955 649 1970 ‚
675 1931 812 1962 Navar.
838 1930 870 1961 in
896 1926 931 1960 d.
960 1937 1032 1972 cap.
1054 1924 1084 1968 fi
1103 1926 1250 1972 foenera-

283 1985 375 2018 veris
399 2008 408 2022 ‚
428 1980 495 2028 st‘b
521 1992 605 2013 num.
631 1989 685 2022 34.
714 1976 827 2020 versic.
856 1975 903 2009 ad
932 1977 1064 2008 tertium
1086 2000 1094 2013 ,
1131 1972 1253 2007 admit—

283 2042 323 2066 to
347 2030 443 2064 etiam
460 2055 469 2070 ,
497 2026 594 2075 quod
617 2026 675 2060 etsi
701 2025 734 2059 in
761 2026 837 2059 ioro
865 2022 1022 2058 exteriori
1049 2023 1148 2068 pejus
1168 2032 1254 2066 prae—

283 2078 429 2114 sumatur
450 2104 460 2118 ,
487 2075 628 2124 quando
654 2072 742 2107 fiunt
768 2073 888 2107 eodem
917 2081 1070 2118 tempore
1104 2096 1113 2111 ,
1149 2080 1251 2115 qnam

284 2126 423 2176 quando
460 2125 545 2159 siunt
584 2122 720 2157 diverfis
747 2120 960 2167 temporibus
990 2146 999 2159 ,
1040 2117 1120 2153 licet
1157 2117 1253 2152 secus

280 2175 399 2223 quoad
426 2174 542 2208 Deum
564 2199 573 2212 .
601 2172 635 2206 δε
662 2171 695 2204 in
724 2170 802 2204 foro
827 2167 1045 2203 conscientiae
1074 2193 1084 2209 ‚
1120 2176 1159 2200 ut
1192 2164 1252 2198 ad-

281 2224 385 2259 mittit
410 2222 509 2256 etiam
530 2223 665 2255 Navar.
691 2219 802 2252 codem
824 2221 923 2265 capit.
942 2217 1212 2263 fifoeneraveris
1240 2240 1251 2254 ,

272 2273 339 2320 sub
362 2283 447 2306 num.
469 2280 522 2316 35.
550 2268 698 2312 versic-ul.
730 2267 777 2300 ad
790 2270 921 2313 sextum
947 2291 957 2307 ,
984 2275 1093 2298 tamen
1119 2263 1152 2296 in
1174 2261 1252 2296 foro

283 2319 442 2356 exteriori
467 2317 610 2359 sufficit,
629 2316 725 2364 quod
753 2315 896 2350 societas
919 2323 1036 2348 natura
1053 2311 1252 2358 praeceden-

283 2369 338 2409 ti,
370 2378 409 2403 ut
437 2367 519 2402 dixi.

333 2415 496 2452 Secundo
531 2414 721 2461 respondeo
746 2439 755 2454 ‚
789 2410 1031 2456 distinguendo
1056 2419 1065 2443 :
1107 2418 1165 2442 aut
1191 2406 1252 2441 isle

283 2464 478 2503 contradus
502 2462 757 2497 assecurationis
786 2459 936 2505 capitalis
965 2457 1074 2504 potest
1103 2468 1166 2503 pro
1192 2468 1250 2489 eo-

284 2516 360 2550 dem
391 2513 503 2559 pretio
524 2511 595 2546 iniri
622 2522 698 2544 cum
723 2510 790 2543 alio
814 2508 916 2542 tertio
945 2518 952 2540 ε
979 2508 1012 2540 &
1043 2517 1125 2541 tunc
1151 2503 1252 2538 cessat

284 2561 505 2613 praesumptio
529 2559 714 2594 coaffionis
735 2584 743 2598 ,
772 2556 850 2603 quia
873 2555 915 2589 ad
940 2553 1026 2602 quid
1049 2564 1175 2600 cogere
1202 2552 1252 2586 so-

285 2613 374 2648 cium
396 2609 438 2643 ad
461 2609 494 2644 id
510 2635 518 2649 ‚
541 2607 636 2656 quod
661 2607 727 2640 sine
748 2604 926 2639 coactione
947 2604 1057 2650 potest
1081 2602 1194 2636 haberi
1212 2601 1252 2634 ab

284 2661 351 2696 alio
376 2669 476 2704 aeque
499 2658 585 2691 bene
609 2655 621 2691 ἓ
644 2655 814 2691 usurarum
844 2652 931 2686 enim
951 2651 1041 2685 fraus
1065 2662 1131 2684 non
1155 2661 1250 2684 corn-

285 2707 428 2744 mittitur
451 2706 517 2740 sine
535 2705 646 2751 aliqua
673 2701 820 2736 utilitate
844 2714 851 2736 :
881 2700 1033 2748 ideoque
1057 2696 1154 2746 quod
1176 2697 1253 2731 usu-

286 2769 354 2792 ram
379 2754 513 2789 redolet
534 2779 544 2795 ‚
569 2752 671 2786 debet
695 2751 758 2785 effe
785 2749 929 2796 pecunia
955 2746 1150 2782 aestimabile
1173 2772 1181 2787 ,
1212 2755 1253 2779 nt

288 2804 474 2851 dixisupra
485 2797 996 2849 §.1.q.7.part.2.ampl.10.sub
1006 2797 1100 2830 n.82.
1117 2795 1250 2841 (ἔρῃ.

287 2853 402 2898 verfic.
420 2854 555 2898 primus.
583 2849 749 2883 Aut‘non
771 2845 934 2891 reperitur
950 2871 959 2884 ,
984 2845 1044 2891 qui
1064 2841 1229 2877 assecuret
1243 2867 1252 2882 ‚

288 2902 401 2936 saltem
425 2911 486 2945 pro
508 2897 627 2932 eodem
652 2895 763 2941 pretio
781 2921 790 2934 ,
812 2894 866 2926 sed
893 2893 997 2927 solum
1022 2903 1084 2938 pro
1105 2889 1223 2936 majori
1242 2916 1252 2931 ,

290 2950 325 2984 ὅ(
342 2958 425 2983 tunc
452 2946 556 2981 sentio
574 2956 652 2979 cum
678 2943 770 2978 Rota
793 2954 800 2976 :
827 2943 975 2988 hancque
994 2939 1162 2974 distinctio
1185 2949 1252 2972 non

289 2999 335 3033 ita
352 2995 451 3031 facile
465 2994 654 3039 applicatur
670 3002 792 3026 mutuo
811 3017 820 3031 ,
840 3001 908 3024 turn
930 2988 1010 3037 quia
1028 2988 1061 3021 in
1081 2986 1255 3022 contraftu

292 3043 403 3081 mutui
425 3043 587 3090 quzelibct
611 3039 753 3074 acceffio
773 3039 814 3072 arl
842 3038 964 3072 sortem
989 3036 1186 3083 regulariter
1205 3033 1252 3068 est

293 3092 462 3141 prohibita
480 3117 489 3130 ,
511 3091 558 3126 uti
575 3088 720 3122 usuraria
747 3099 756 3121 :
773 3097 845 3121 turn
864 3085 944 3133 quia
966 3083 1191 3120 mutuatarius
1211 3082 1256 3116 fa-

295 3142 393 3177 cilius
412 3138 623 3185 praesumitur
637 3135 776 3171 coactus
793 3162 802 3177 ‚
824 3145 925 3183 quam
946 3133 1058 3168 socius
1071 3159 1080 3174 ‚
1098 3142 1156 3167 aut
1172 3131 1258 3165 alius

251 3190 259 3198 ⁸
299 3189 511 3225 contrahens.

348 3235 473 3271 Tertio
497 3232 686 3280 respondeo
714 3260 723 3273 ‚
752 3230 850 3280 quod
875 3229 993 3277 opinio
1020 3240 1132 3264 contra
1167 3230 1260 3270 Caje-

301 3297 371 3320 tan.
393 3284 428 3320 (β’
453 3294 565 3318 contra
590 3284 654 3315 Soc.
680 3293 754 3328 quos
776 3283 882 3315 citavi
900 3305 908 3316 ,
932 3279 979 3312 est
1006 3278 1114 3312 multo
1140 3277 1262 3323 proba-

302 3333 403 3368 bilior
444 3333 478 3366 &
506 3329 617 3364 verior
641 3355 652 3369 ‚
679 3329 831 3363 nimirum
872 3327 949 3360 haec
974 3325 1067 3371 pasta
1095 3325 1128 3359 in
1157 3323 1262 3358 socie-

302 3381 381 3416 tatis
408 3379 583 3414 contractu
615 3375 679 3412 else
703 3376 795 3410 licita
811 3402 821 3417 ‚
855 3375 922 3409 five
948 3373 1041 3408 simul
1067 3372 1150 3407 fiant
1183 3382 1262 3406 curn

305 3428 402 3463 sociis
425 3454 434 3467 ‚
466 3428 532 3461 five
567 3424 750 3460 successive
783 3425 890 3459 modo
925 3421 1102 3469 prudentis
1126 3419 1263 3454 arbitrio

306 3476 455 3510 servetur
489 3474 666 3519 aequalitas
688 3499 698 3514 ,
722 3483 762 3507 ut
788 3471 901 3507 citatis
930 3468 1008 3504 viris
1038 3467 1228 3503 dofflssimis
1252 3493 1262 3507 ‚

306 3525 340 3559 &
364 3522 605 3568 religiofiffimis
622 3548 632 3561 ‚
659 3521 758 3557 etiam
789 3530 906 3555 eorum
933 3517 1129 3552 formalibus
1156 3514 1265 3550 verbis

305 3571 421 3606 relatis
436 3597 445 3610 ‚
470 3571 537 3604 late
560 3570 681 3616 probat
703 3573 842 3605 Leonar.
863 3565 989 3614 L‘ffd·
1004 3576 1078 3612 cap.
1099 3578 1116 3598 2
1125 3576 1155 3610 5.
1178 3575 1266 3599 num.

310 3633 366 3666 ²3·
392 3619 552 3669 &seqq-

1287 3323 1293 3330 “
1310 3324 1456 3360 favores.

1291 380 1477 426 conjustit'n
1499 406 1509 422 ,
1535 379 1722 415 dummodo
1747 380 1777 414 ei
1799 407 1809 422 ,
1840 380 1900 428 qui
1927 381 2059 417 confert
2084 382 2229 428 capitale
2247 410 2258 425 ,

1292 427 1512 481 assecuratum
1539 428 1560 462 ὲ,
1587 427 1684 463 socio
1710 454 1719 469 ‚
1743 428 1850 463 minor
1873 439 1946 474 pars
1969 429 2055 464 lucri
2077 457 2086 472 ,
2108 431 2167 464 sub
2194 438 2256 466 not

1294 488 1382 511 mine
1412 487 1534 524 quotae
1570 475 1784 511 concedatur
1810 502 1819 518 ,
1854 487 1893 511 ut
1917 477 2061 523 explicat
2088 491 2173 513 num.
2203 491 2256 514 11.

1295 525 1329 559 δε
1357 525 1472 570 postea
1495 551 1505 567 ,
1526 523 1671 572 ‘quando
1698 536 1784 558 num.
1813 536 1865 558 ιι.
1881 525 1976 572 seqq.
1993 526 2027 560 8(
2046 537 2164 562 movet
2187 553 2196 567 ‚
2222 529 2257 562 &

1294 573 1396 608 solvit
1421 599 1432 615 ‚
1466 585 1535 608 non
1570 571 1666 606 aliter
1699 574 1823 618 probat
1857 571 2034 619 praefatam
2071 574 2258 610 distinctio-

1293 632 1380 656 nem.-
1715 638 1717 640 ·
1792 629 1801 638 ·
2089 622 2092 625 ’

1345 668 1552 705 Subdeclara
1567 695 1577 710 ,
1599 667 1815 703 extendendo
1841 668 1929 704 hanc
1949 668 2128 705 secundam
2147 670 2258 706 decla-

1294 718 1456 753 rationem
1471 743 1481 758 ,
1500 726 1537 752 ut
1557 717 1752 764 negotiator
1767 716 1866 762 possit
1891 718 2030 764 publice
2052 717 2255 763 notificate,

1294 765 1503 813 separatum
1529 766 1572 799 ad
1600 764 1829 811 accipiendam
1853 767 2027 812 pecuniam
2053 766 2072 801 ὲ
2096 778 2257 815 quocun*

1294 826 1363 862 que
1377 815 1514 849 volente
1533 813 1591 846 fibi
1608 824 1680 847 eam
1701 812 1855 858 conserte
1876 813 1911 848 in
1932 813 2129 850 societatem
2144 841 2155 857 ,
2177 826 2256 851 cum

1295 863 1394 909 paeto
1415 863 1460 896 de
1483 860 1701 897 assecurando
1727 861 1849 896 sortem
1873 863 2144 901 ‚fadtationem
2169 871 2256 911 qua—

1294 922 1376 945 tuor
1399 923 1462 958 pro
1487 909 1683 944 centenario
1704 933 1715 949 ‚
1743 910 1776 944 δε
1798 910 1886 944 lucri
1904 911 1997 947 >certi
2018 920 2168 958 quatum*
2185 923 2256 958 ‘pro

1294 959 1480 994 duodecim
1503 956 1622 992 incerti
1645 957 1732 991 lucri
1756 983 1766 999 ‚
1791 957 1836 993 ita
1859 958 1956 1006 quod
1973 971 2013 994 ex
2035 960 2133 995 lucro
2149 960 2257 995 incer-

1294 1018 1332 1042 to
1355 1007 1519 1042 verisimili
1551 1019 1603 1041 12.
1627 1017 1668 1040 ex
1690 1016 1826 1040 centum
1850 1006 1996 1053 accipiat
2012 1013 2165 1060 quatuor
2190 1014 2256 1057 pro

1294 1054 1537 1090 aisecuratione
1565 1054 1661 1089 sortis
1679 1080 1689 1093 ‚
1713 1054 1747 1089 &
1769 1063 1923 1102 quatuor
1946 1052 2009 1101 pio
2031 1050 2256 1092 certificando

1294 1105 1391 1138 lucro
1418 1101 1603 1138 duodecim
1624 1128 1634 1144 ‚
1666 1102 1701 1137 δε
1728 1101 2071 1150 consequenret‘non
2101 1097 2258 1140 teneam}

1295 1152 1460 1193 reddere,
1483 1150 1541 1185 nisi
1566 1160 1718 1199 quatuor
1741 1162 1802 1197 pro
1826 1151 2020 1186 centenario
2033 1149 2048 1195 ’-·,
2070 1154 2105 1188 δε
2130 1153 2164 1187 in
2188 1151 2256 1186 vim

1294 1201 1398 1248 hujus
1426 1200 1572 1247 publicae
1595 1198 1842 1234 notificationis
1872 1200 1982 1246 potest
2006 1212 2017 1240 ς
2054 1194 2223 1248 quivult·
2244 1214 2256 1242 ·‚

1294 1250 1336 1284 ad
1359 1249 1456 1283 iflum
1487 1247 1737 1294 negotiatorem
1764 1242 1961 1288 accedere,v
1987 1248 2021 1282 &
2048 1248 2204 1285 conferre
2225 1248 2257 1282 e'i

1294 1308 1429 1332 centum
1457 1324 1466 1338 ‚
1498 1295 1647 1331 dicendo

1295 1345 1488 1380 societatem
1512 1343 1756 1391 negotiationis
1779 1355 1856 1378 curn
1879 1339 2058 1379 securitate
2079 1345 2177 1380 sortis
2191 1372 2201 1386 ‚
2222 1346 2257 1380 δε

1295 1393 1528 1438 redemptione
1548 1392 1634 1426 lucri
1656 1391 1799 1433 incerti,
1822 1393 1919 1438 juxta
1941 1396 2031 1428 tuam
2049 1384 2258 1429 notificatio-

1295 1454 1380 1483 nem,
1399 1444 1533 1477 Navar.
1555 1441 1589 1475 d.
1605 1443 1712 1487 capite
1723 1452 1775 1485 >¹7·
1792 1440 2039 1485 unffi-'versia
2056 1441 2148 1475 adde
2161 1442 2257 1489 quod,

1297 1492 1330 1526 ὠ
1349 1491 1381 1525 d.
1400 1501 1469 1536 cap.
1478 1489 1737 1536 fifoeneraveris
1750 1514 1759 1528 ‚
1784 1499 1846 1522 not.
1859 1489 1985 1536 14.sub
2004 1502 2118 1536 nrt-32.
2141 1489 2256 1531 verfie.

1292 1539 1358 1586 post
1383 1539 1446 1572 haec
1457 1540 1588 1585 scripta
1612 1550 1661 1579 ¹4-
1682 1538 1783 1583 quaest.
1802 1549 1832 1582 3.
2166 1559 2168 1563 ›
2232 1547 2246 1565 ’ν

1344 1586 1597 1621 Confirmantur
1621 1584 1729 1632 primo
1747 1585 1824 1619 haec
1845 1584 2030 1621 declaratio
2044 1612 2055 1627 ,
2077 1585 2118 1620 &·
2136 1585 2259 1622 subde-

1296 1635 1437 1670 claratio
1460 1661 1470 1675 ‚
1502 1634 1582 1681 quia
1606 1633 1725 1667 mulier
1759 1635 1871 1680 potest
1897 1635 2058 1679 pecunias
2089 1635 2224 1669 dotales
2244 1653 2259 1677 —,

1296 1684 1415 1718 marito
1436 1692 1599 1729 vergente
1619 1681 1660 1715 ad
1682 1682 1827 1727 inopiam
1844 1708 1854 1723 ,
1887 1682 2060 1728 deponere
2079 1683 2172 1729 apud
2199 1683 2261 1717 ati-

1296 1744 1398 1779 quem
1430 1741 1650 1765 mercatorem
1676 1756 1686 1770 ,
1718 1740 1757 1764 ut
1786 1741 1825 1764 ex
1857 1730 2000 1765 honesto
2025 1741 2137 1765 earum
2162 1731 2261 1767 lucro

1296 1791 1397 1814 onera
1427 1778 1626 1813 matrimonii
1653 1777 1816 1812 sustentet
1851 1805 1860 1820 ,
1895 1777 1982 1813 salva
2015 1779 2142 1824 semper
2173 1778 2262 1815 sorte

1296 1828 1457 1862 dietarum
1486 1825 1703 1873 pecuniarum
1725 1852 1735 1867 ‚
1767 1827 1800 1860 &
1825 1825 2014 1862 constituto
2036 1836 2135 1862 certo
2157 1827 2261 1862 hone-

1295 1878 1346 1911 sso
1371 1876 1470 1910 lucro
1493 1901 1502 1915 ‚
1538 1885 1610 1920 cap.
1632 1887 1666 1921 7.
1695 1885 1755 1921 per
1779 1874 1906 1918 vestras
1933 1901 1942 1916 ,
1969 1875 2012 1909 de
2036 1875 2147 1911 donat.
2175 1880 2261 1910 inter

1294 1929 1406 1959 virum
1434 1926 1468 1958 (9'
1492 1934 1582 1956 uxor.
1611 1934 1691 1969 quae
1714 1922 1787 1956 duo
1811 1921 1883 1956 fieri
1908 1935 1975 1957 non
1994 1933 2153 1970 poterant
2171 1949 2183 1965 ,
2201 1922 2260 1959 nisi

1296 1985 1354 2020 per
1381 1972 1466 2006 viam
1491 1970 1764 2010 assecurationis,
1787 1971 1821 2005 δε
1841 1970 2084 2018 redemptionis
2107 1971 2193 2009 lucri
2210 1971 2259 2006 in·

1295 2021 1378 2056 certi
1405 2032 1468 2067 pro
1497 2030 1593 2053 certo
1612 2045 1622 2060 ‚
1646 2030 1685 2053 ut
1707 2018 1776 2053 dixi
1799 2032 1884 2052 num.
1905 2019 2045 2065 praeced.
2066 2021 2201 2054 Navar.
2224 2019 2260 2055 d.

1293 2081 1365 2117 cap.
1387 2081 1438 2116 17.
1455 2078 1624 2114 num.257.
1642 2067 1676 2104 &⁶
1693 2067 1727 2101 d.
1743 2077 1816 2114 cap.
1830 2067 2088 2114 fifoeneraveris
2103 2068 2258 2113 d.verst'c.

1290 2120 1357 2166 posi
1379 2119 1444 2153 hac
1452 2118 1581 2164 scripta
1598 2141 1608 2156 ,
1629 2117 1663 2152 62·
1672 2115 1739 2163 sub
1754 2127 1903 2160 num.34.
1918 2115 2032 2161 verfic.
2056 2129 2122 2164 quae
2137 2116 2237 2164 plane
2249 2141 2260 2158 ,

1296 2179 1344 2209 14.
1361 2166 1464 2212 quaest.
1483 2177 1512 2209 3.

1343 2213 1585 2250 Consoltdatur
1615 2212 1693 2246 haee
1719 2209 1934 2246 confirmatio
1956 2237 1965 2253 ‚
1995 2212 2076 2260 quia
2101 2213 2198 2248 etiam
2220 2225 2262 2250 ex

1297 2264 1346 2298 Pii
1388 2264 1433 2297 V.
1470 2261 1684 2296 conceffione
1717 2258 1855 2305 possunt
1889 2259 1959 2293 dari
1994 2262 2150 2306 pecuniae
2175 2274 2260 2296 mer-

1295 2311 1401 2347 catori
1421 2338 1429 2350 ,
1453 2311 1514 2358 qui
1538 2321 1592 2342 eas
1620 2308 1820 2354 negotietur
1843 2307 1877 2340 in
1901 2308 2039 2344 cambiis
2058 2334 2068 2349 ‚
2095 2311 2129 2344 ὅ(
2157 2311 2220 2346 stet
2250 2337 2261 2350 .

1299 2370 1338 2394 ut
1357 2361 1451 2395 aiunt
1464 2385 1474 2400 ,
1496 2359 1552 2393 del
1566 2357 1701 2392 credere
1719 2382 1729 2397 ,
1745 2366 1783 2390 ut
1803 2355 1904 2390 retuli
1924 2358 2013 2404 infra
2033 2357 2262 2408 §.6.g1.1.sul³

1297 2422 1385 2444 num.
1417 2419 1477 2451 43.
2250 2410 2255 2414 ’

1344 2456 1574 2492 Confirmatur
1598 2452 1750 2488 secundo
1764 2480 1774 2494 ‚
1801 2453 1882 2500 quia
1902 2453 2040 2489 testator
2057 2454 2170 2499 potest
2191 2465 2262 2490 cer-

1296 2515 1361 2539 tam
1397 2503 1572 2551 pecuniam
1604 2502 1718 2548 legare
1753 2502 1908 2548 parocho
1933 2529 1944 2543 ,
1985 2503 2019 2536 &
2056 2500 2262 2539 beneficiato

1296 2553 1443 2600 alicujus
1474 2550 1638 2586 Ecclefiae
1663 2575 1674 2591 ‚
1703 2559 1744 2584 ut
1771 2561 1938 2596 perpetuo
1973 2549 2112 2597 singulis
2142 2552 2261 2586 menfi-

1297 2604 1358 2637 bus
1382 2612 1435 2636 tot
1461 2598 1565 2634 millae
1583 2610 1645 2644 pro
1667 2598 1773 2632 anima
1799 2597 1942 2644 legantis
1968 2598 2125 2634 dicantur
2141 2625 2151 2642 ‚
2173 2609 2262 2648 quot

1297 2662 1338 2684 ex
1358 2650 1455 2684 lucro
1482 2647 1572 2682 illius
1592 2646 1750 2693 pecunia:
1769 2646 1894 2693 legatae
1914 2647 1956 2681 ad
1975 2646 2136 2681 rationem
2159 2648 2260 2696 quin-

1300 2710 1370 2745 que
1398 2710 1460 2744 pro
1491 2695 1682 2731 centenario
1712 2693 1850 2741 fingulis
1881 2695 1974 2730 annis
1997 2694 2066 2729 dici
2089 2695 2226 2741 possunt
2249 2709 2261 2734 ε

1300 2749 1333 2781 &
1361 2747 1446 2780 ratio
1475 2745 1521 2780 est
1543 2769 1553 2784 .
1588 2743 1669 2790 quia
1696 2742 1809 2788 potest
1833 2743 1937 2790 legari
1964 2741 2170 2779 ususfrustus
2200 2755 2264 2792 pe.

1301 2795 1412 2830 cuniae
1437 2821 1447 2835 ‚
1477 2795 1500 2831 l,
1534 2803 1565 2825 1.
1589 2794 1623 2827 (9'
1650 2803 1680 2836 3.
1693 2791 1737 2835 ff.
1762 2791 1804 2824 de
1823 2792 1979 2839 usufrufl.
2006 2802 2077 2825 ear.
2104 2802 2171 2828 rer.
2196 2801 2265 2841 qua

1300 2845 1357 2892 usu
1376 2844 1515 2888 confirm.
1535 2841 1569 2874 ὃς
1595 2839 1658 2873 isto
1679 2837 1755 2873 casu
1775 2840 1946 2884 parochus
1969 2837 2078 2887 potest
2095 2839 2182 2876 illam
2203 2851 2264 2888 pe.

1300 2891 1432 2926 cuniam
1455 2890 1535 2924 dare
1553 2887 1677 2929 diviti,
1703 2887 1737 2921 δε
1759 2887 1877 2922 securo
1901 2885 2078 2923 mercatori
2097 2887 2140 2922 ad
2162 2889 2264 2925 ratio-

1301 2952 1375 2974 nem
1393 2939 1478 2973 certi
1499 2936 1583 2972 lucri
1611 2947 1673 2982 pro
1697 2935 1854 2982 quolibet
1871 2933 2083 2975 centenario,
2104 2939 2138 2972 &
2161 2948 2264 2972 rema·

1303 2998 1405 3023 nente
1426 2987 1552 3032 semper
1582 2982 1667 3018 salva
1689 2982 1776 3018 sorte
1793 3010 1803 3024 ‚
1831 2994 1889 3028 per
1913 2995 1951 3019 ea
1970 3009 1980 3024 ‚
2004 2993 2087 3030 qua:
2115 2983 2186 3018 dixi
2203 2974 2268 3031 [ιε’-ἶ

1301 3047 1364 3083 pra
1388 3049 1473 3070 num.
1491 3036 1543 3078 36.
1564 3034 1598 3070 (ρ’
1621 3045 1678 3075 40.
1697 3034 1729 3065 in
1754 3031 1980 3066 declaratione
1999 3058 2010 3072 ,
2036 3031 2071 3067 (9'
2081 3032 2266 3079 subdecla-

1305 3087 1432 3119 ratione
1448 3110 1458 3124 ‚
1475 3085 1510 3120 Θ
1526 3085 1661 3117 Navar.
1683 3079 1717 3114 d.
1731 3090 1803 3126 cap.
1823 3081 1945 3126 17.fiaeb
1965 3091 2136 3127 numa-57.
2149 3081 2264 3123 versic.

1307 3133 1355 3167 ad
1387 3132 1522 3179 quaesita.

1357 3180 1437 3214 Nec
1471 3179 1605 3214 dicatur
1631 3203 1640 3218 ,
1674 3174 1768 3209 casus
1803 3174 1936 3217 istarum
1971 3174 2113 3212 duarum
2141 3175 2268 3212 confir-

1309 3229 1492 3264 mationum
1521 3225 1658 3261 defendi
1690 3223 1808 3258 favore
1837 3222 1930 3258 dotis
1955 3225 1990 3259 δε
2019 3223 2142 3260 animae
2170 3251 2180 3266 ‚
2220 3225 2268 3259 se-

1310 3288 1372 3311 cus
1398 3276 1432 3311 in
1458 3275 1528 3309 aliis
1555 3274 1684 3309 cafibus
1702 3296 1712 3312 ‚
1743 3271 1777 3305 in
1802 3271 1927 3319 quibus
1958 3282 2028 3306 non
2051 3271 2192 3309 militant
2217 3272 2271 3307 isti

1363 3372 1461 3416 Quia
1488 3370 1678 3418 respondeo
1698 3367 1939 3416 distinguendo
1961 3380 1970 3403 ε
1998 3368 2077 3404 Aut
2099 3367 2151 3403 isti
2178 3367 2273 3403 casus

1314 3433 1383 3456 non
1397 3419 1574 3456 continent
1593 3417 1746 3461 usuram·,
1763 3418 1797 3452 &
1817 3428 1901 3453 tunc
1915 3415 1998 3451 dico
2013 3442 2024 3458 ‚
2040 3415 2141 3465 quod·
2159 3427 2276 3450 ornnes

1316 3468 1412 3504 casus
1428 3467 1564 3514 possunt
1581 3465 1741 3506 defendi,
1757 3464 1849 3500 unde
1868 3463 2008 3498 eandem
2023 3460 2274 3499 'conclusionem

1317 3516 1516 3564 generaliter
1534 3542 1545 3557 ‚
1566 3526 1633 3549 non
1655 3513 1831 3548 restrictam
1850 3513 1894 3548 ad
1913 3510 2008 3546 casus
2035 3512 2168 3546 istarum
2189 3511 2273 3547 dua-

1317 3575 1390 3598 rum
1405 3562 1700 3598 conflrmationum
1714 3588 1723 3602 ‚
1746 3560 1882 3596 secutus
1898 3559 2075 3607 sumfitpra
2090 3561 2152 3607 §.L
2169 3560 2273 3607 quasi.

1319 3622 1462 3659 7.par.2.
1476 3611 1614 3658 ampl.9.
1626 3621 1730 3655 n.t.3.
1746 3609 1781 3646 (sy
1799 3618 1830 3653 5.
1843 3609 1920 3643 Aut
1937 3607 2115 3643 continent
2132 3608 2274 3649 usuram,

356 3666 418 3703 Ad
444 3666 588 3702 Manuc.
616 3666 701 3701 ultra
727 3663 955 3711 responfiones
976 3661 1090 3699 allatae
1113 3688 1122 3703 ‚
1148 3659 1270 3695 forma·
1321 3660 1354 3694 &
1371 3668 1453 3696 tunc
1469 3660 1603 3695 videtur
1615 3654 1961 3704 dicendum‚quovis
1974 3654 2275 3697 favoremilstame,

2211 3714 2281 3738 ΠΟΠ

1676 1308 1685 1331 :
1708 1306 1776 1341 ego
1800 1294 1947 1330 confero
1960 1290 2029 1340 ‘tibi
2044 1307 2195 1333 centum
2223 1295 2278 1341 in·

2295 659 2350 715 40ss

2300 2471 2393 2502 4²³²

2307 3390 2348 3425 43
