2390 4074
243 247 445 293 Imprimatur
457 272 469 288 ‚
484 245 507 281 si
523 247 682 284 videbitur
697 247 973 284 Reverendislimo
984 250 1019 285 Ρ.
1033 249 1190 298 Magistro
1203 249 1288 284 Sacri
1306 246 1418 283 Palatii
1433 248 1625 296 Apostolici.

1053 349 1148 395 (λι-[ἂν
1159 348 1273 383 Fidelis
1291 347 1409 395 Vicesg.

245 511 284 602 J
298 507 378 544 Ussu
395 511 658 548 Reverendiffimi
674 516 707 551 P.
719 517 750 549 F.
766 513 940 561 Hyacinthi
961 515 1099 549 Petronii
1114 514 1198 548 Sacri
1214 513 1389 561 Apostolici
1401 513 1512 550 Palatii
1525 515 1671 564 Magistri
1687 514 1753 550 vidi
1768 541 1778 556 ,
1793 519 1828 552 &
1840 516 2010 566 diligenter
2025 513 2174 551 confide-

299 560 364 593 ravi
378 562 547 595 tractatum
563 563 816 598 Excellenriffimi
830 566 873 599 D.
889 562 1085 612 sigismundi
1100 565 1245 604 Scaccize,
1264 565 1321 611 qui
1335 563 1518 598 intitulatur
1533 567 1586 599 De
1602 568 1805 607 Commerciis,
1823 568 1861 604 ej*
1875 566 2010 606 cambio,
2027 564 2174 612 nihilque

246 620 285 642 eo
302 611 413 656 reperi,
429 610 521 657 quod
535 611 694 660 religioni,
710 626 765 648 aur
782 612 874 648 bonis
889 613 1034 648 motibus
1050 612 1231 648 adversetur
1245 639 1255 653 ‚
1269 614 1337 648 imo
1357 613 1479 652 summa
1496 615 1528 648 in
1541 626 1581 649 eo
1595 615 1788 654 eruditione,
1804 617 1948 664 miraque
1964 615 2096 650 dicendi
2109 627 2176 650 arte

246 659 466 704 exprimuntur
479 662 599 701 omnia,
617 665 651 696 ὅ(
664 662 764 697 ardua
777 676 913 711 querque
933 664 1052 698 mirum
1065 664 1098 697 in
1113 676 1153 697 eo
1170 662 1308 698 modum
1322 662 1539 702 declarantur,
1556 675 1654 711 atque
1668 664 1752 699 adeo
1769 664 1909 715 dignum
1922 665 1981 701 effe
1994 663 2102 701 censui
2116 677 2175 712 pro

246 710 412 744 communi
427 708 515 745 bono
530 722 563 746 ut
578 713 659 759 typis
673 712 866 753 mandetur,
881 714 913 747 in
928 726 1071 761 quorum
1085 712 1193 749 fidem.
1207 715 1322 748 Roma:
1336 713 1388 747 die
1407 726 1417 747 ι
1429 726 1461 758 5.
1480 714 1668 748 Decembris
1687 718 1726 748 16
1736 728 1746 748 ι
1757 718 1790 750 6.

555 812 606 844 Ita
620 810 659 856 est
672 813 816 859 Angelus
831 814 985 847 aniamcs
998 815 1021 848 I.
1044 816 1081 848 V.
1101 815 1142 846 D.
1162 814 1200 849 ὠ·
1214 813 1246 846 in
1258 812 1419 860 Gymnafio
1432 815 1564 847 Romano
1578 813 1730 860 Pontificii
1736 815 1829 860 Juris

1059 860 1199 910 publicus
1213 864 1371 910 interpres.

246 1023 315 1105 E
330 1023 360 1055 X
373 1021 593 1057 commistione
609 1024 872 1061 Reverendiffimi
889 1028 922 1063 P.
941 1028 1086 1077 Magistri
1100 1031 1184 1064 Sacri
1198 1029 1309 1065 Palatii
1325 1029 1500 1077 Apostolici
1516 1033 1564 1068 Fr.
1577 1029 1753 1079 Hyacinthi
1768 1029 1920 1069 Petronii,
1933 1029 2003 1077 Ego
2016 1029 2062 1063 Fr.
2074 1028 2176 1063 Joan-

332 1083 386 1105 nes
401 1073 535 1120 Baptista
548 1073 723 1108 Blanchetti
747 1075 882 1110 Ordinis
911 1080 1084 1114 Minorum
1098 1081 1198 1115 Sacrae
1213 1079 1405 1128 Theologiae
1420 1079 1577 1117 Profelsor
1591 1109 1602 1123 ,
1621 1084 1654 1116 δι
1669 1082 1785 1116 Leocor
1800 1081 1818 1115 J
1822 1078 1962 1114 ubilatus
1988 1077 2056 1113 vidi
2068 1087 2178 1112 totum

246 1119 365 1154 librum
380 1146 390 1160 ‚
406 1124 496 1168 cujus
510 1122 621 1158 titulus
636 1124 679 1158 est
691 1126 882 1172 &gismundi
893 1131 1230 1176 ScacciaeJurisconfidti
1246 1132 1376 1164 Romani
1399 1131 1565 1165 Traffatns
1577 1133 1615 1167 de
1629 1131 1822 1166 Commerciis
1837 1129 1876 1165 cfr
1892 1127 2020 1164 Cambio
2034 1153 2043 1169 ‚
2059 1128 2093 1161 in
2105 1138 2176 1175 quo

244 1168 406 1216 speciatim
418 1173 581 1207 materiam
596 1173 637 1208 de
655 1173 811 1213 Cambiis‚
829 1188 896 1210 non
915 1175 1019 1212 solum
1035 1177 1125 1213 dictu
1140 1203 1149 1218 ,
1165 1182 1198 1212 δε
1212 1178 1312 1214 effatu
1325 1177 1560 1226 perdifficilem,
1576 1194 1689 1217 verum
1704 1181 1801 1215 etiam
1812 1190 1909 1226 captu
1923 1176 2152 1213 difficillimam
2163 1201 2176 1218 ,

246 1222 281 1253 &
298 1219 407 1254 “mltis
428 1220 605 1271 Theologis
620 1250 630 1262 ‚
644 1227 677 1257 δε
690 1223 875 1260 Forensibus
894 1229 1020 1273 penitus
1037 1228 1237 1263 reconditam
1251 1255 1260 1268 ,
1275 1228 1415 1276 pulchro
1430 1229 1546 1266 ordine
1559 1256 1569 1271 ,
1584 1235 1618 1266 δ(
1631 1230 1759 1266 clariori
1773 1228 1930 1264 methodo
1942 1227 2101 1263 dilucidat
2118 1252 2129 1266 2
2143 1229 2178 1261 &

246 1270 405 1304 examinat
419 1295 429 1309 ,
445 1269 487 1304 ad
502 1274 649 1308 omnium
661 1273 874 1309 studiosorum
890 1277 1074 1318 utilitatem,
1090 1276 1260 1325 praesertim
1275 1281 1293 1316 J
1298 1277 1582 1315 urisconsultorum
1596 1307 1606 1322 ,
1621 1281 1869 1329 Theologorum
1883 1305 1892 1319 ,
1908 1281 1940 1312 &
1959 1275 2177 1314 Confellario-

244 1332 329 1357 rum,
346 1322 380 1352 δέ
398 1320 476 1366 quia
489 1321 569 1356 nihil
582 1324 616 1357 in
630 1337 669 1358 eo
681 1336 794 1358 contra
809 1323 954 1366 fidem&
969 1327 1073 1363 bonos
1087 1341 1191 1364 mores
1206 1330 1318 1376 reperi,
1333 1328 1410 1364 ideo
1423 1341 1507 1376 opus
1524 1329 1583 1366 effe
1596 1331 1709 1367 censeo
1721 1328 1923 1378 impressione
1937 1326 2176 1414 dilgnlffimum’

244 1371 278 1451 εἰ(
293 1367 476 1452 Christiznae
494 1372 692 1419 Reipublicae
710 1375 846 1409 maxime
865 1375 1071 1423 proficuunh·
1089 1381 1122 1413 δέ
1137 1380 1171 1414 in
1185 1378 1283 1414 fidem
1298 1378 1417 1414 horum
1430 1393 1482 1415 me
1501 1378 1664 1430 subscripsi
1679 1381 1738 1417 hac
1753 1381 1806 1416 die
1821 1379 1948 1414 decima
1977 1379 2097 1427 eptima
2120 1379 2175 1412 Fe·

270 1430 365 1453 ruarn
391 1431 401 1453 i
439 1432 493 1462 ¹7-

666 1520 750 1554 Idem
764 1525 816 1570 qui
825 1524 920 1572 fitpm
935 1528 986 1560 Fr.
995 1528 1131 1573 Joannes
1143 1526 1282 1576 Bapttsta
1295 1528 1470 1564 Blanchetti
1482 1529 1767 1578 LeHorJubilatus.

241 1686 309 1768 E
324 1687 376 1719 Go
398 1686 560 1722 Antonius
575 1688 786 1725 SanCtarellus
801 1693 965 1728 Societatis
978 1695 996 1730 J
1010 1707 1026 1728 ε
1044 1708 1058 1729 s
1075 1707 1102 1730 υ
1123 1696 1231 1742 accepi
1246 1694 1264 1729 ὲ
1277 1693 1554 1731 Reverendiffimo
1567 1697 1603 1730 P.
1626 1694 1783 1743 Magistro
1797 1693 1882 1729 Sacri
1895 1692 2008 1728 Palatii
2035 1693 2175 1740 Aposto-

325 1733 377 1769 lici
391 1738 435 1770 Fr.
455 1736 641 1782 Hyacintho
655 1741 805 1775 Petronio
819 1741 1115 1791 recognoscendum
1130 1743 1262 1783 librum,
1276 1749 1369 1792 cujus
1384 1744 1548 1793 inscriptio
1563 1745 1617 1785 est,
1631 1743 1822 1793 Sigismundi
1833 1743 2174 1791 ScaeciaeJurifionsulei

242 1786 371 1818 Romam·
386 1810 396 1825 ‚
408 1788 563 1820 tranatm
574 1788 612 1822 de
627 1792 818 1825 Commerciis
831 1793 869 1829 ὠ*
882 1793 1017 1834 ambio,
1032 1797 1066 1828 δε
1081 1795 1159 1843 quia
1168 1808 1244 1829 eum
1257 1794 1427 1846 diligenter
1441 1796 1522 1836 vidi,
1537 1799 1571 1829 &
1585 1794 1665 1830 nihil
1682 1796 1716 1829 in
1730 1806 1770 1829 eo
1782 1793 1896 1841 reperi,
1908 1792 2001 1841 quod
2019 1790 2107 1832 fidei,
2119 1802 2177 1826 aut

243 1830 337 1868 bonis
353 1834 496 1870 moribus
513 1835 695 1872 adversetur
712 1865 723 1879 ‚
748 1841 816 1875 imo
835 1843 911 1890 quia
926 1842 1109 1880 doctrinam
1129 1843 1312 1880 admodum
1328 1845 1523 1881 catholicam
1542 1846 1685 1880 continet
1699 1870 1709 1885 ,
1723 1847 1756 1878 ὃ(
1772 1841 1814 1878 ad
1829 1842 1921 1879 usum
1936 1841 2106 1890 politicum
2117 1867 2126 1880 ³
2141 1844 2177 1875 δὲ

243 1883 472 1920 mortalitatem
491 1888 735 1924 convenientem
752 1915 762 1930 ,
786 1902 882 1939 atque
902 1895 1092 1929 auetoritate
1109 1906 1180 1930 tum
1196 1894 1460 1945 Theologorum,
1479 1907 1549 1930 tum
1564 1895 1812 1931 Canonistarum
1827 1919 1838 1934 ,
1854 1906 1892 1928 ac
1917 1890 2180 1939 jurisperitorum

242 1934 386 1978 apprime
400 1934 568 1971 fundatam
582 1962 592 1977 ‚
608 1940 641 1972 &
658 1951 805 1986 praeterea
819 1941 977 1978 methodo
994 1943 1079 1979 facili
1095 1970 1105 1985 ,
1121 1939 1154 1979 δέ
1176 1946 1263 1992 praxi
1280 1945 1495 1981 accommoda
1508 1943 1714 1980 difficultates
1727 1943 1845 1978 multas
1858 1941 1999 1978 dissolvit
2012 1967 2023 1982 ‚
2036 1941 2178 1989 ideoque

242 1982 441 2028 Ι(ΕῘΡΠῙἸῙῙΩΞ
454 1985 639 2022 Christiassae
652 2014 661 2028 ,
683 1991 717 2022 &
731 1991 768 2025 iis
781 1991 950 2038 praesertim
966 2019 975 2033 ,
992 1995 1049 2042 qui
1073 1993 1187 2029 harum
1201 2007 1307 2030 rerum
1321 1993 1482 2031 scientiam
1499 1996 1532 2030 in
1549 2008 1689 2044 utroque
1706 1993 1779 2029 foro
1791 1991 1981 2041 profitentur
1999 1989 2094 2026 valde
2111 1990 2177 2032 uti-

244 2030 314 2088 lem,
325 2032 471 2070 futurum
485 2036 594 2077 Video,
609 2037 746 2086 dignum
763 2040 888 2087 judico,
902 2045 959 2091 qui
974 2056 1010 2079 in
1023 2043 1131 2080 lucem
1143 2044 1270 2087 edatur,
1289 2057 1326 2082 ut
1336 2045 1378 2082 ab
1386 2044 1540 2082 omnibus
1552 2045 1617 2095 legi
1631 2043 1737 2094 poffir.
1750 2046 1867 2086 Rornae
1879 2044 1914 2079 in
1927 2042 2030 2079 domo
2043 2037 2178 2090 profelsa

243 2082 398 2118 Societate
421 2087 440 2121 J
458 2099 475 2120 ε
489 2099 503 2121 s
523 2100 560 2123 U.
597 2100 648 2131 30.
664 2089 753 2125 Junii
783 2097 885 2136 1617.

828 2142 837 2156 Ι

755 2193 823 2238 Ego
838 2194 994 2227 Antonius
1007 2174 1215 2229 Sanamellui
1229 2198 1283 2245 qui
1289 2197 1386 2246 fhpra
1399 2207 1494 2231 manu
1503 2196 1641 2244 propria.

1758 2298 1776 2308 ,.

247 2350 298 2432 S
313 2348 488 2396 [gismundi
504 2354 635 2389 Scacciae
653 2359 677 2391 Ι.
695 2357 735 2392 C.
751 2357 910 2393 clm-immi
925 2361 1096 2396 traciarum
1113 2364 1164 2398 De
1184 2366 1375 2399 commerciis
1388 2390 1399 2406 ,
1415 2365 1453 2401 ό·
1480 2361 1607 2399 Cambio
1633 2376 1671 2398 ex
1687 2359 1954 2398 Reverendiffimi
1968 2361 2004 2395 P.
2031 2359 2177 2408 Magistri

311 2400 395 2455 §acri
412 2400 521 2436 Palatii
537 2405 713 2450 Apostolici
732 2408 777 2442 Fr.
796 2409 970 2455 Hyacinthi
999 2412 1140 2447 Petronii
1161 2413 1389 2449 commistione
1402 2413 1573 2463 diligenter
1586 2413 1653 2447 vidi
1675 2414 1791 2447 iterum
1815 2411 1884 2460 post
1915 2407 2153 2458 impressionem
2165 2433 2178 2450 ‚

244 2450 279 2481 δέ
292 2461 366 2482 cum
379 2453 578 2498 agnoverim,
596 2465 631 2489 ut
644 2467 737 2490 antea
753 2458 879 2493 testatus
894 2455 976 2500 sum,
993 2459 1051 2495 effe
1064 2461 1215 2498 doctrina
1231 2462 1304 2498 sane
1317 2463 1495 2504 eruditum,
1510 2461 1755 2498 auetoritatibus
1767 2473 1967 2501 accuratum,
1981 2460 2097 2495 ordine
2109 2458 2180 2494 cla·
2212 2465 2226 2489 ⁸

247 2510 332 2553 rum,
351 2498 501 2536 facilitate
516 2502 684 2552 insignem,
700 2509 733 2540 &
747 2506 820 2543 foro
835 2521 900 2543 tam
921 2511 1081 2551 exteriori,
1095 2525 1195 2560 quam
1210 2514 1353 2549 interiori
1371 2513 1465 2548 valde
1480 2513 1592 2548 utilem
1609 2539 1620 2553 ,
1634 2515 1666 2547 &
1679 2511 1774 2552 nihil,
1786 2510 1879 2560 quod
1896 2509 1992 2551 fidei,
2006 2521 2062 2545 aut
2082 2508 2179 2544 bonis

246 2546 391 2582 monbus
404 2549 595 2593 adver-fletur,
615 2555 790 2592 invenerim
805 2584 814 2598 ,
836 2560 986 2606 quinimo
1004 2561 1038 2595 in
1053 2574 1092 2595 eo
1106 2576 1173 2597 non
1186 2564 1345 2598 minorem
1359 2563 1549 2612 religionem
1562 2588 1573 2603 ,
1586 2575 1685 2610 quarn
1700 2561 1905 2610 prudentiam
1919 2557 2151 2595 observaverim
2166 2573 2178 2598 ;

246 2596 385 2652 dignum
399 2601 485 2646 prius
500 2604 674 2639 existimavi
689 2630 699 2645 ‚
718 2617 752 2641 ut
769 2607 811 2642 ad
841 2607 1004 2655 publicam
1020 2609 1191 2648 utilitatem
1209 2614 1456 2660 imprimeretur,
1470 2616 1503 2649 δε
1520 2625 1609 2648 nune
1624 2623 1659 2647 ut
1674 2609 1840 2660 impreffus
1854 2610 2046 2659 publicetur.
2061 2611 2178 2644 Romae

247 2658 281 2680 tn
296 2646 398 2684 domo
413 2650 549 2688 Profesla
561 2655 726 2690 Societatis
742 2658 760 2693 J
777 2671 795 2692 r
819 2672 832 2693 s
849 2671 885 2694 υ.
905 2672 960 2703 29.
975 2661 1173 2698 Novembris
1193 2676 1203 2696 1
1214 2664 1296 2699 618.

717 2758 786 2803 Ego
798 2757 953 2793 Antonius
973 2759 1181 2795 Sanaa'rellus
1192 2761 1432 2810 SocietatisJefic
1445 2764 1682 2809 manupropria·

360 2919 409 2954 Idi
424 2923 596 2958 traCtatum
611 2927 661 2958 De
678 2928 869 2961 commerciis
883 2928 921 2964 ὠ
941 2926 1076 2967 Cambio,
1093 2925 1288 2975 sigismundi
1303 2929 1436 2964 Scacciae
1450 2956 1460 2969 ‚
1475 2932 1534 2966 viri
1550 2930 1736 2971 doffiffimi,
1750 2931 1830 2966 Iuris
1846 2929 2012 2978 utriusque
2026 2924 2179 2965 Consulti

264 3016 272 3022 .
358 2969 551 3006 celeberrimi
568 2987 576 3014 3
592 2975 746 3021 Cumque
759 2976 792 3010 in
809 2989 848 3010 eo
863 2975 944 3011 nihil
959 3003 968 3015 ,
991 2976 1083 3025 quod
1098 2976 1173 3011 fidei
1191 2978 1369 3013 Catholicae
1384 3004 1394 3019 ‚
1413 2992 1470 3014 aut
1482 2980 1575 3016 bonis
1590 2980 1734 3016 motibus
1750 2980 1930 3016 adversetur
1944 2978 2180 3015 animadverte-

248 3027 308 3050 rlm
323 3042 332 3057 ³
349 3021 382 3053 &
396 3032 478 3068 opus
493 3020 596 3068 ipsum
611 3022 655 3058 ob
668 3022 825 3060 summam
838 3026 1055 3061 cruditionem
1071 3039 1147 3061 cum
1163 3026 1286 3063 summa
1306 3030 1422 3076 pietate
1435 3032 1657 3078 conjunclam,
1674 3044 1711 3066 ac
1726 3031 1904 3072 materiam,
1918 3030 1959 3066 de
1974 3041 2040 3077 qua
2059 3029 2178 3076 agitur,

247 3066 429 3104 admodum
439 3069 604 3107 difficilem
620 3075 700 3108 mira
713 3074 864 3110 facilitate
879 3102 888 3116 ,
901 3088 1000 3123 atque
1015 3076 1132 3112 ordine
1149 3076 1334 3125 dispositam
1349 3080 1383 3113 in
1399 3078 1471 3114 foro
1487 3107 1498 3122 ,
1514 3084 1546 3115 &
1564 3081 1690 3127 judiciis
1703 3080 1797 3116 valde
1813 3080 1892 3116 utile
1906 3106 1914 3121 ,
1941 3083 1974 3114 &
1998 3077 2181 3126 proficuum

252 3114 398 3152 futurum
414 3120 587 3156 existimem
601 3148 610 3162 ,
626 3126 739 3158 merito
754 3137 788 3160 ut
803 3124 844 3160 ad
860 3125 1028 3172 publicum
1041 3127 1256 3163 commodum
1273 3130 1486 3175 imprimatur,
1501 3134 1533 3165 &
1547 3131 1743 3177 publicetur,
1757 3130 1779 3166 fi
1793 3131 1896 3179 placet
1908 3125 2125 3166 Reverendiff.
2143 3128 2178 3161 P.

252 3167 405 3214 Magistro
418 3171 499 3205 Sacri
518 3170 629 3207 Palatii
640 3199 650 3212 ,
664 3172 776 3209 censeo
791 3175 1050 3212 concedendum.
1075 3177 1191 3211 Romae
1212 3191 1228 3211 2
1235 3192 1268 3222 9.
1284 3178 1482 3215 Novembris
1503 3181 1607 3216 1618.

648 3274 714 3319 Ego
732 3275 792 3307 Hi.
811 3273 1048 3309 Machiavellus
1062 3287 1123 3310 utr.
1139 3278 1308 3324 Signatum
1327 3279 1565 3324 Referendarius
1577 3278 1777 3328 Apcstolicus.

883 3377 991 3388 -—-—-

1531 3374 2189 3392 ——ffl

250 3431 448 3487 &primitur
462 3461 471 3474 ,
494 3437 541 3470 Fr.
566 3436 738 3492 Gregorius
754 3438 902 3492 Donatus
918 3440 1087 3477 Romanus
1106 3446 1197 3494 Mag.
1228 3447 1262 3482 ὃς
1277 3444 1498 3484 Reverendiss.
1513 3451 1552 3485 P.
1567 3452 1601 3484 F.
1620 3447 1795 3495 Hyacinthi
1814 3446 1955 3484 Petronii
1979 3445 2080 3479 Rorn-
2093 3442 2179 3477 Sacri

296 3479 411 3521 ‚Palam
429 3485 602 3531 Apostolici
616 3486 762 3533 Mag1str1
778 3489 889 3524 socius
906 3515 916 3528 ,
929 3491 1015 3527 Ord.
1030 3492 1130 3528 Praed.

1969 3577 2180 3614 TOTlUS
