2400 3939
43 2048 85 2084 52

45 2579 86 2616 53

43 3300 90 3340 '54

860 169 908 233 §.
933 171 1049 222 VII.
1079 164 1255 225 Gloff.
1278 174 1344 224 II.

134 259 203 291 tim.
217 257 251 293 (θ’
266 265 386 289 numer.
409 266 462 299 32.
480 264 562 289 cent.
578 256 610 289 6.
629 253 663 291 &
674 256 791 303 Borgn.
810 254 882 291 dec.
895 269 911 290 2
922 269 949 290 1.
963 258 997 288 in
1008 268 1086 289 cau-

130 307 167 347 [a
189 303 460 348 executionis,sul>
478 315 599 336 numer.
614 314 668 347 30.
686 303 742 336 lib.
774 314 802 335 1.
832 303 968 342 dicens,
997 300 1083 336 inte-

132 350 217 385 resse
230 350 362 385 alterius
381 350 537 383 interesse
553 363 618 384 non
638 350 761 389 deberi,
777 350 831 383 nisi
842 350 998 385 interesse
1016 351 1084 395 jam

132 399 211 433 esser
224 398 421 432 crilculatum
433 401 465 433 δι
484 397 626 442 pofitum
643 397 674 431 in
688 397 866 439 creditum,
893 399 926 433 δε
943 409 980 433 ut
992 397 1060 436 sors
1072 424 1083 440 ,

131 445 326 480 deberetur.

181 493 258 528 Nec
273 493 418 531 dicatur,
432 492 528 538 quod
543 491 676 526 admissa
701 491 764 527 hac
790 493 920 528 ratione
932 520 941 533 ,
958 493 1084 541 semper

131 539 333 576 deberentur
353 540 461 575 usurae
478 540 645 574 usurarum
661 567 669 580 ‚
691 539 747 576 seu
772 541 927 576 interesse
948 543 1083 577 alterius

129 587 291 629 interesse,
315 600 393 635 quia
410 588 551 634 quilibet
565 588 714 622 creditor
729 600 870 635 poneret
884 590 1035 626 interesse
1050 591 1082 624 in

129 635 228 679 sorte,
245 636 300 670 seu
317 637 396 671 illud
412 636 590 670 calcularet
609 636 658 669 uti
676 636 808 672 sortem.

179 685 274 728 Quia
292 684 488 730 respondeo,
502 680 585 718 l'ianc
604 684 869 727 calculationem,
888 686 921 720 ὅ(
936 697 1077 721 conver-

126 732 249 767 fionem
265 732 450 767 interusurii
466 733 496 765 in
525 732 668 777 capitale
693 730 766 766 fieri
792 746 858 768 non
892 733 986 779 posse
1001 760 1008 772 ,
1022 733 1080 768 nisi

125 780 405 815 concurrentibus
421 780 470 828 iis,
487 791 568 828 quae
588 778 696 826 scripfi
722 783 754 827 ξ.
775 781 915 829 praeced.
937 783 1026 831 gloffl.
1046 794 1075 815 ι.

114 829 191 876 sub.
202 841 230 862 n.
246 830 300 862 82.
316 827 426 873 versic.
441 832 536 862 ratio.

174 876 258 911 Non
280 876 387 910 obssat
401 875 419 906 li
427 875 482 909 uic
494 876 789 926 extensioni,quod
803 877 940 918 taxatio,
953 877 996 911 de
1010 888 1077 924 qua

123 923 325 959 mentionem
337 922 576 971 fecisuprasttb
589 925 798 970 n.39.verfic.
830 936 984 961 contram.
999 925 1079 960 liter

125 971 280 1006 videatur
293 971 534 1006 determinasse.

172 1020 268 1064 Quia
287 1019 482 1070 respondeo,
501 1020 597 1067 quod
613 1030 781 1067 quatenus
808 1020 853 1055 ita
871 1019 1076 1055 determina-

122 1068 208 1102 verit
222 1070 308 1115 (ηοω
319 1068 403 1101 enim
417 1067 484 1101 vidi
499 1069 585 1102 illam
598 1069 919 1116 taxationem)ii,qui
933 1069 1074 1102 taxatio-

120 1115 155 1150 ni
174 1115 309 1150 fuerunt
326 1115 501 1161 propofiti,
517 1129 584 1150 non
599 1116 849 1152 fueruntsorlan
862 1115 1004 1150 consulti
1022 1115 1076 1150 su-

121 1174 182 1210 per
197 1162 350 1198 interesse
363 1162 498 1197 alterius
511 1163 676 1206 interesse,
693 1165 744 1199 vel
756 1165 881 1211 placuit
900 1164 960 1197 'illis
976 1162 1073 1211 sequi

121 1223 192 1245 eam
206 1211 397 1257 opinionem
412 1237 422 1250 ,
443 1211 645 1246 utinteresse
674 1213 808 1247 alterius
832 1211 982 1247 interesse
1008 1224 1076 1247 non

121 1259 297 1299 debeatur,
313 1271 393 1306 quae
409 1270 516 1292 tamen
535 1260 651 1304 opinio
670 1260 703 1294 in
718 1262 844 1306 ριιηᾶο
858 1259 961 1307 juris,
977 1261 1010 1294 ὃ(
1026 1260 1077 1295 lo-

122 1307 263 1355 quendo
279 1307 310 1341 in
327 1307 461 1341 cambiis
482 1306 534 1341 vix
549 1306 693 1343 sustineri
716 1308 844 1353 posset,
874 1307 1025 1355 ideoque
1043 1308 1076 1342 in

122 1355 213 1402 praxi
231 1356 358 1403 ubique
371 1355 579 1389 cambiorum
595 1356 747 1390 imeresse
760 1356 1011 1392 convertiturin
1021 1368 1076 1391 ca-

124 1405 238 1450 pitale.

170 1451 315 1486 Declara
332 1451 438 1498 primo
457 1452 542 1487 hanc
558 1453 782 1487 extensionem
795 1481 804 1494 ,
816 1464 854 1487 ut
867 1452 898 1487 in
914 1450 1050 1487 cambiis
1068 1477 1078 1492 ‚

123 1511 202 1547 quae
220 1500 396 1534 solvuntur
410 1500 476 1534 fine
492 1514 582 1536 mora
595 1529 603 1540 ,
628 1501 808 1547 improprie
834 1501 916 1535 illud
944 1502 1075 1535 lucrum

123 1559 286 1582 vocemus
305 1546 468 1589 interesse,
485 1560 561 1584 cum
581 1549 736 1584 interesse
762 1561 933 1596 nunquam
957 1548 1078 1582 debea-

122 1605 178 1630 tur
190 1596 255 1629 sine
266 1596 378 1643 aliqua
390 1608 491 1637 mora,
511 1606 548 1631 ut
561 1596 806 1645 declaravisup.
823 1601 853 1645 ξ.
874 1609 899 1631 1.
915 1610 943 1644 q.
957 1609 989 1640 7.
1001 1607 1076 1642 par.

122 1655 155 1677 2.
173 1645 325 1691 ampliat.
340 1645 370 1678 8.
382 1657 504 1679 numer.
526 1646 641 1681 roa&
657 1646 730 1685 148.
745 1657 850 1691 quare
867 1645 1003 1692 proprie
1015 1656 1075 1677 vo-

122 1702 221 1726 catur
234 1693 365 1727 lucrum
377 1692 506 1733 cambii,
526 1693 713 1738 procedens
730 1694 855 1729 ratione
870 1692 993 1729 valoris
1005 1718 1014 1732 ‚
1043 1692 1076 1726 ὃ(

121 1740 222 1786 pretii
240 1740 412 1775 scutorum
425 1741 628 1776 marcharum
647 1753 847 1789 emptorum,
860 1741 920 1790 qui
942 1753 982 1775 ex
1008 1738 1078 1787 jus-

123 1797 165 1822 tis
175 1788 291 1830 causis,
309 1789 486 1837 dequibus
499 1789 564 1823 late
581 1789 688 1836 scripfi
714 1789 748 1824 d.
774 1803 825 1837 qu.
850 1802 883 1835 7.
914 1800 1003 1836 part.
1048 1801 1074 1823 1.

121 1847 244 1872 numer.
266 1851 320 1885 74.
338 1838 466 1885 &seqq.
485 1838 588 1884 &sub
611 1850 731 1871 numer.
752 1850 809 1886 77.
838 1839 871 1875 (φ’
888 1840 981 1884 seqq.
1001 1836 1077 1883 plu-

121 1883 165 1917 ris
189 1886 413 1926 aestimantur,
438 1898 537 1932 quam
562 1886 598 1919 sit
615 1886 756 1932 pretium
783 1898 845 1932 pro
866 1886 927 1919 illis
948 1886 1076 1924 datum,

121 1932 215 1967 unde
235 1933 317 1967 illud
342 1933 472 1969 lucrum
504 1934 649 1969 efficitur
671 1945 744 1981 pars
763 1933 936 1981 integralis
958 1933 1078 1967 mercis

123 1991 261 2026 emptae.

172 2029 318 2064 Declara
332 2029 480 2065 secundo
492 2029 628 2070 illative,
643 2040 681 2065 ut
696 2039 824 2064 remota
841 2037 942 2068 mora,
963 2029 1080 2064 secun-

122 2077 203 2112 dum
217 2078 314 2112 etiam
335 2078 499 2116 interesse,
516 2078 649 2112 tertium
669 2079 702 2112 δε
715 2078 853 2112 ulterius
868 2078 1014 2126 usquein
1028 2078 1078 2112 in-

121 2124 265 2167 finitum,
284 2137 450 2161 renovato
468 2126 592 2172 semper
606 2126 782 2161 contrastu
793 2126 913 2161 cambii
928 2138 1003 2162 cum
1021 2124 1078 2159 de-

119 2173 245 2215 bitore,
263 2186 307 2208 eo
328 2173 445 2214 modo,
462 2186 535 2221 quo
548 2173 721 2222 dixisupr.
737 2176 770 2219 §.
786 2188 813 2209 1.
828 2187 846 2221 q
873 2184 901 2219 5.
917 2186 1001 2209 num.
1019 2175 1074 2218 83.

121 2223 209 2270 vers.
227 2220 400 2262 cambium,
413 2222 524 2269 &seq.
540 2234 608 2256 non
635 2223 673 2256 fit
687 2233 833 2269 unquam
845 2221 1010 2262 interesse,
1022 2222 1078 2256 sed

121 2269 164 2304 fit
180 2270 306 2317 semper
320 2270 473 2316 capitale,
480 2269 533 2304 seu
544 2269 688 2313 lucrum,
701 2270 781 2318 quia
793 2269 918 2317 semper
929 2269 975 2304 est
987 2281 1078 2317 emp-

121 2317 186 2359 tio,
198 2319 232 2354 &
246 2317 410 2359 venditio,
426 2329 462 2352 ut
478 2317 557 2351 dixi.

173 2366 282 2401 secus
294 2367 316 2400 si
333 2365 535 2411 campsorius
553 2366 635 2402 esset
652 2366 805 2401 morosus
831 2367 863 2402 in
887 2366 1053 2402 solvendo
1067 2392 1077 2408 ‚

122 2413 278 2463 ideoque
298 2414 448 2460 campsor
463 2424 632 2459 pateretur
657 2414 815 2450 interesse
840 2416 925 2450 lucri
949 2413 1076 2449 cessan-

122 2462 179 2504 tis,
192 2462 246 2496 seu
266 2462 374 2497 damni
387 2463 598 2508 emergentis,
615 2462 694 2512 quia
714 2473 796 2499 tunc
822 2463 933 2512 posset
963 2463 1079 2498 vocari

123 2508 292 2546 interesse.

174 2559 305 2594 Contra
317 2558 402 2592 hanc
415 2557 675 2593 declarationem
701 2571 843 2606 oppono
857 2585 865 2599 ,
882 2559 963 2606 quia
991 2571 1078 2594 cam-

124 2606 218 2642 bium
230 2618 298 2642 non
311 2606 429 2642 minori
445 2606 574 2641 laborat
593 2606 778 2654 suspicione
799 2607 942 2641 usuraria
952 2634 961 2649 ,
974 2608 1076 2655 quam

122 2655 311 2690 laborarent
325 2653 455 2696 census,
472 2655 505 2689 &
524 2653 665 2690 societas
676 2654 790 2696 officii,
809 2667 849 2689 ex
874 2667 947 2704 quo
972 2655 1003 2689 in
1030 2656 1078 2690 eis

123 2703 268 2750 pecunia
280 2702 455 2750 pecuniam
470 2714 584 2749 parere
597 2702 786 2744 videbatur,
808 2714 844 2738 ut
859 2702 1077 2752 scripfifitpra

123 2752 156 2800 §.
175 2764 204 2787 ι.
220 2763 248 2798 q.
265 2762 426 2785 numm-r.
450 2761 524 2791 ¹7¹·
545 2750 579 2787 Θ
597 2763 671 2796 ¹72·
687 2751 838 2799 ideoque
862 2763 980 2797 magna
998 2751 1077 2786 exti-

123 2800 167 2835 tit
178 2798 420 2839 controversia,
431 2809 471 2832 an
489 2798 568 2832 tales
583 2799 775 2833 contradus
797 2800 902 2834 essent
921 2799 1021 2839 liciti,
1041 2809 1078 2835 ut

121 2846 304 2896 quuendo
325 2846 369 2881 de
384 2845 495 2887 censu,
515 2847 613 2881 retuli
627 2847 660 2880 d.
675 2859 703 2894 q.
734 2861 761 2881 ι.
790 2859 912 2881 numer.
938 2858 1013 2894 ¹75·
1045 2848 1078 2882 &

122 2894 381 2942 consequenter,
395 2894 414 2927 fi
430 2905 506 2928 cum
520 2894 719 2929 difficultate
732 2894 796 2929 fuit
811 2895 842 2928 in
859 2894 908 2928 liis
920 2906 1078 2930 contrac-

122 2943 215 2979 tibus
229 2943 274 2978 ita
287 2942 442 2989 suspeftis
460 2941 651 2988 permissum
679 2943 807 2977 lucrum
820 2968 829 2982 ,
852 2943 1040 2988 procedens
1059 2942 1079 2977 Ξι

123 2990 271 3038 capitali,
287 2992 348 3026 erit
360 2989 512 3033 absolute
529 2989 765 3038 denegandum
780 2990 909 3024 lucrum
921 3016 931 3031 ‚
957 3001 1077 3037 proce-

123 3038 209 3073 dens
225 3039 244 3073 ὲ
261 3039 371 3080 lucro,
388 3037 485 3072 etiarn
502 3037 523 3071 si
536 3038 773 3073 contrahentes
787 3038 872 3072 illud
892 3038 1021 3072 lucrum
1034 3036 1078 3072 as-

122 3086 292 3122 sumerent
325 3098 386 3133 pro
406 3085 565 3132 capitali,
598 3096 635 3120 ut
659 3085 690 3118 in
705 3084 804 3120 censu
819 3097 932 3132 aperte
948 3085 1049 3120 s.nxit
1067 3112 1077 3126 ‚

122 3133 205 3171 Pius
224 3134 267 3169 V.
286 3134 519 3182 praecipiendo
531 3160 541 3174 ‚
557 3145 593 3168 ut
610 3146 670 3181 pro
682 3130 798 3168 census
821 3132 979 3169 srushbus
993 3161 1003 3176 ,
1022 3134 1079 3168 de-

132 3182 237 3218 cursis
249 3209 259 3224 ,
295 3184 329 3218 &
356 3193 424 3216 non
453 3181 592 3225 solutis,
623 3193 690 3216 non
714 3180 811 3229 poffit
842 3183 944 3216 creari
969 3193 1081 3217 novus

133 3230 262 3266 census.

180 3279 278 3314 Huic
295 3276 502 3325 oppositioni
519 3276 717 3323 respondeo,
730 3276 826 3325 quod
854 3277 886 3312 in
911 3276 1011 3312 censu
1037 3276 1082 3313 sic

128 3327 288 3364 Pontifex
299 3326 407 3374 jussit,
427 3328 459 3360 ἀ
481 3325 559 3359 ideo
589 3336 657 3359 non
676 3323 732 3359 >est
760 3326 901 3361 ulterius
925 3337 1080 3372 quaeren-

126 3376 229 3412 dum:
250 3377 277 3421 †
288 3375 357 3410 Sed
367 3375 480 3417 adbuc
492 3385 560 3406 non
572 3373 681 3418 potest
698 3374 829 3421 negari,
843 3373 938 3421 quod
952 3372 1080 3407 fruetus

123 3435 205 3460 vere
220 3423 333 3463 soluti,
347 3420 466 3468 possint
479 3422 631 3455 converti
644 3421 675 3455 in
691 3423 834 3467 capitale
852 3449 858 3460 ,
873 3434 911 3456 ex
927 3434 998 3469 quo
1017 3420 1078 3455 sol-

125 3483 247 3508 vantur
259 3471 313 3506 alii
328 3470 472 3504 fruetus:
499 3467 589 3513 finge
606 3471 692 3504 enim
704 3497 712 3508 ,
737 3470 833 3517 quod
850 3469 985 3504 debitor
999 3480 1079 3503 vere

121 3519 228 3556 solvat
245 3519 319 3554 illos
334 3517 456 3553 fruetue
471 3529 510 3552 ex
523 3517 684 3562 pecuniis,
700 3518 758 3552 fibi
770 3520 813 3552 ab
826 3518 933 3553 amico
945 3517 1076 3551 mutua-

119 3568 176 3606 tis,
192 3568 286 3603 easve
301 3581 337 3602 tlt
353 3568 503 3601 restituat
515 3590 525 3604 ,
544 3564 650 3598 slatim
666 3578 790 3599 novum
805 3565 937 3599 censum
953 3564 1076 3599 vendat

122 3615 233 3652 eidem
254 3616 398 3664 emptori
415 3613 560 3662 pretium
572 3611 679 3651 solvat
696 3626 737 3650 ex
750 3613 814 3648 illis
834 3611 994 3651 frustibus
1015 3612 1075 3646 sibi

1978 191 2086 244 449

1136 257 1272 293 solutis:
1295 267 1387 292 certe
1399 256 1442 292 illi
1459 254 1596 299 fruetus,
1611 268 1692 294 tunc
1709 259 1863 294 conversi
1880 259 1911 296 in
1926 260 2088 309 capitale,

1137 307 1265 351 parient
1283 306 1365 340 alios
1376 305 1514 347 frustus,
1530 307 1584 339 seu
1599 307 1660 340 alia
1679 309 1769 341 lucra
1786 332 1796 348 ‚
1823 310 1855 343 ὃς
1878 309 2043 352 interesse,
2057 310 2092 344 &t

1136 356 1290 388 locorum
1316 354 1479 388 montium
1513 354 1811 400 multiplicationes
1840 357 1948 402 passim
1979 357 2065 394 fiunt
2080 383 2091 400 ,

1137 402 1282 436 emendo
1296 413 1333 435 ex
1351 399 1513 436 frustibus
1530 402 1675 436 alialoca
1694 403 1869 444 montium,
1889 406 1922 439 ὃς
1937 405 1979 438 fic
1998 404 2093 440 dein-

1137 460 1228 495 ceps,
1242 449 1477 485 convertendo
1494 450 1524 483 iri
1543 448 1706 483 infinitum
1724 449 1849 485 fruetus
1872 451 1903 484 in
1925 452 2064 497 capitale
2080 479 2092 495 ,

1136 497 1168 530 ὅ(
1186 501 1294 531 liaeres
1310 496 1365 530 seu
1381 497 1475 536 alius,
1493 497 1553 544 qui
1575 498 1660 531 hanc
1673 499 1939 538 conversionem,
1952 501 1983 532 δέ
1996 500 2092 534 inve-

1136 544 1285 580 stituram
1300 555 1468 578 teneretur
1485 544 1606 585 facere,
1625 547 1656 580 ὅ(
1671 556 1738 580 non
1753 546 1890 587 faceret,
1909 557 2034 581 teneret
2048 546 2092 581 ad

1137 591 1314 632 interesse,
1334 595 1402 628 Rot.
1423 593 1548 639 divers.
1580 594 1651 628 dec.
1674 596 1856 640 antepenul.
1875 596 2001 640 placuit
2019 621 2028 634 ,
2057 597 2092 630 <Sc

1137 638 1238 673 fuitus
1251 641 1321 674 dec.
1337 640 1397 674 ult.
1412 642 1635 688 914-ft11'tpr0
1645 644 1779 684 majori,
1804 655 1912 676 coram
1935 644 1973 676 R.
1991 644 2026 676 P.
2043 644 2089 678 D.

1137 689 1247 721 Orano
1269 689 1365 731 1585.
1377 700 1487 721 vener.
1516 700 1570 732 29.
1585 689 1762 723 Novembr.
1776 691 1808 726 ἀγ
1825 702 1878 723 20.
1896 689 2091 724 Decembris

1135 737 1219 768 inter
1235 735 1395 781 impreffas
1407 736 1562 782 Lugduni
1589 737 1679 769 1612.
1700 738 1731 769 ὃ(
1743 738 1773 770 in
1796 735 1957 772 societate
1971 737 2089 778 officii,

1134 782 1301 829 quicquid
1319 783 1385 816 dxci
1400 785 1511 827 posset
1527 783 1741 829 disputando,
1762 785 1869 830 passim
1881 784 2021 819 secretas
2036 796 2091 819 re-

1133 841 1279 864 novatur
1293 843 1352 875 pro
1362 831 1478 876 majori
1496 831 1683 877 quantitate
1698 857 1707 871 ,
1730 834 1974 878 comprehensis
1998 833 2030 866 in
2051 843 2090 866 ea

1138 876 1300 911 fluetibus
1332 878 1501 918 decursis,
1519 880 1552 913 ὃς
1583 892 1648 913 non
1673 876 1809 913 solutis:
1833 892 1866 913 at
1898 893 1930 913 in
1957 881 2090 915 cambio

1133 926 1288 971 quoltbet
1317 924 1394 959 soro
1419 926 1615 960 admittatur
1644 925 1786 965 solutio,
1820 928 1919 961 eriam
1940 940 1996 973 per
2013 927 2089 962 scri-

1133 985 1244 1018 pturae
1259 974 1608 1008 accommodationem
1621 1001 1628 1014 ,
1653 986 1690 1009 ut
1709 973 1840 1008 secutus
1868 974 2039 1021 sumstwr.
2055 977 2088 1021 ξ.

1134 1033 1165 1054 2.
1178 1022 1225 1069 gl.
1245 1032 1272 1066 5.
1291 1033 1410 1055 numer.
1429 1033 1483 1067 55.
1496 1024 1529 1058 (ς’
1547 1024 1631 1070 seqq.
1648 1022 1690 1056 sic
1703 1023 1940 1068 negetiationis
1957 1024 2087 1057 necessi-

1134 1079 1201 1102 tate
1217 1071 1382 1115 exigente,
1399 1069 1419 1101 si
1435 1080 1616 1104 renovetur
1632 1070 1841 1110 contradus,
1869 1069 1971 1104 cessat
2001 1072 2088 1105 diffi-

1133 1117 1261 1157 cultas,
1283 1117 1362 1164 quia
1391 1116 1412 1149 fi
1442 1129 1520 1151 vere
1549 1117 1673 1152 dicitur
1688 1118 1768 1151 laeta
1790 1118 1926 1158 solutio,
1943 1120 2009 1164 jam
2037 1131 2089 1154 to-

1136 1175 1203 1198 ttim
1216 1165 1260 1199 est
1280 1164 1443 1210 capitale:
1464 1164 1567 1198 cessat
1586 1166 1681 1198 etiam
1696 1166 1876 1205 difficultas
1904 1165 1935 1200 iii
1953 1167 2088 1202 cambio

1135 1223 1174 1245 ex
1206 1214 1269 1248 alio
1291 1212 1423 1258 capite,
1449 1214 1526 1259 quia
1560 1213 1580 1246 si
1600 1214 1644 1246 eli
1666 1214 1794 1247 licitum
1812 1213 1977 1248 cambium
2010 1227 2087 1250 curn

1134 1260 1274 1301 recursa,
1294 1273 1329 1296 ut
1347 1260 1412 1293 dixi
1427 1261 1457 1305 ξ.
1472 1261 1609 1307 praeced.
1622 1261 1671 1309 gl.
1701 1274 1728 1294 r.
1749 1274 1872 1295 numer.
1907 1273 1918 1295 ι
1932 1275 1958 1296 i.
1977 1262 2086 1310 &seq-

1135 1307 1169 1343 ῤ’
1190 1320 1313 1343 numer.
1335 1308 1390 1342 88.
1406 1311 1532 1342 clarum
1547 1308 1604 1350 est,
1625 1309 1720 1356 quod
1734 1309 1888 1344 interesse
1912 1312 2086 1346 converti-

1135 1365 1188 1391 tur
1200 1357 1231 1389 in
1245 1356 1399 1402 capitale.
1668 1360 1671 1363 '

1182 1403 1339 1438 Extende
1353 1403 1514 1444 secundo,
1526 1415 1563 1439 ut
1582 1402 1743 1450 procedat
1757 1403 1938 1450 generatim
1950 1403 1981 1438 in
2000 1404 2085 1439 inte-

1133 1451 1218 1487 resse
1240 1451 1390 1495 cujusvis
1405 1452 1540 1486 alterius
1554 1452 1747 1486 contradus
1759 1479 1769 1491 ,
1785 1452 1837 1486 sea
1862 1463 2057 1488 mercaturae
2075 1479 2086 1496 ‚

1133 1501 1245 1535 dumm
1274 1502 1320 1534 do
1332 1501 1486 1546 capitale,
1503 1500 1599 1548 quod
1611 1499 1926 1538 debetur,consiflat
1940 1502 1971 1534 in
1984 1513 2086 1546 pecu-

1133 1549 1184 1583 nia
1198 1559 1378 1589 numerata,
1392 1548 1470 1596 quia
1485 1549 1546 1582 isto
1565 1548 1638 1582 casu
1650 1549 1766 1583 militat
1784 1549 1895 1583 eadem
1927 1549 2032 1588 ratio,
2051 1551 2086 1584 ὃς

1132 1595 1165 1629 in
1182 1596 1244 1631 hac
1263 1597 1484 1643 generalitate
1499 1596 1687 1643 loquuntur
1703 1599 1798 1632 Riiin.
1819 1599 1916 1645 Cagn.
1937 1601 2006 1631 Ror.
2021 1597 2086 1630 Ge-

1132 1656 1224 1680 nucii.
1243 1645 1276 1681 &¹
1291 1644 1438 1679 Μεγιστία.
1451 1657 1539 1691 quos
1552 1645 1652 1679 citavi
1663 1647 1762 1691 supra
1775 1658 1805 1678 n.
1821 1657 1873 1690 33.
1887 1646 1973 1692 vers.
1981 1655 2087 1680 exten-

1133 1693 1175 1727 de
1187 1706 1278 1728 nunc.
1292 1692 1468 1727 &secutus
1481 1692 1546 1727 sum
1556 1696 1661 1741 sup-ra
1683 1706 1709 1726 n.
1727 1705 1782 1736 49.

1184 1742 1289 1776 Sectis
1305 1741 1325 1775 si
1346 1742 1498 1776 interesse
1515 1754 1591 1789 proc
1601 1741 1677 1775 edat
1695 1742 1711 1775 a
1726 1741 1841 1775 debito
1860 1740 2004 1787 alicujus
2015 1739 2087 1789 spe-

1135 1788 1212 1830 ciei,
1230 1799 1372 1836 utputa,
1396 1789 1562 1832 srurnenti,
1577 1789 1661 1828 vini,
1691 1789 1753 1823 clei
1768 1816 1778 1830 ,
1804 1793 1836 1824 ἀ
1857 1790 2013 1830 simili-im,
2029 1803 2088 1825 ne-

1135 1849 1204 1886 que
1219 1837 1316 1877 enim,
1330 1837 1350 1871 fi
1366 1837 1518 1873 creditor
1537 1837 1697 1884 potuisset
1718 1849 1757 1871 ex
1786 1837 1865 1873 viiio
1893 1837 2087 1884 negotiari,

1135 1888 1168 1920 δε
1188 1886 1317 1925 lucrum
1337 1885 1456 1926 facere,
1472 1885 1503 1920 id
1519 1886 1747 1921 aestimandum
1764 1885 1810 1919 est
1825 1912 1833 1925 ,
1851 1885 1931 1932 quia
1947 1886 2012 1919 tale
2035 1886 2087 1920 in-

1135 1933 1256 1969 teresse
1270 1932 1389 1968 venita
1405 1933 1502 1968 causa
1520 1932 1711 1972 extrinseca,
1732 1933 1754 1968 l.
1777 1946 1831 1967 22.
1856 1933 2019 1979 fisterilis,
2042 1937 2087 1975 5.

1133 1994 1205 2016 cum
1223 1994 1283 2028 per
1314 1982 1536 2020 venditorem,
1563 1983 1598 2028 ff.
1616 1984 1658 2015 de
1671 1983 1732 2016 αὲἶ.
1752 1991 1846 2027 empt.
1859 1981 1962 2027 cujus
1987 1984 2088 2017 verba

2135 265 2177 306 55

2133 1736 2176 1775 5⁷

1135 2029 1283 2066 formalia
1299 2029 1397 2064 retuli
1414 2030 1570 2076 fuprasub
1583 2042 1702 2064 numer.
1724 2032 1881 2078 39.Cagn.
1902 2031 1933 2062 in
1948 2029 1969 2062 l.
1989 2033 2087 2064 unica
2136 2060 2137 2065 ,

1134 2090 1254 2113 numer.
1268 2080 1323 2111 60.
1334 2080 1365 2111 iii
1376 2077 1407 2117 fi.
1420 2079 1591 2125 C.desent.
1603 2090 1667 2124 quae
1679 2089 1737 2124 pro
1752 2080 1866 2117 eofflc.
1881 2077 1915 2114 ά
1934 2077 2085 2112 Menoch.

1133 2126 1229 2161 ιναὲἶ.
1250 2125 1292 2160 de
1306 2124 1579 2172 arbitr-jndaeas.
1605 2138 1667 2168 1¹9
1686 2125 1750 2172 strb
1768 2138 1796 2160 n.
1809 2133 2088 2172 42.vers.·c.quar·-

1134 2185 1166 2209 to
1180 2171 1304 2220 afferri,
1322 2175 1355 2211 (ς’
1368 2185 1490 2208 numer.
1503 2185 1559 2218 43.
1575 2185 1655 2210 cent.
1669 2177 1700 2207 6.
1715 2173 1792 2220 quia
1807 2183 1915 2207 totum
1932 2173 2088 2208 interesse

1136 2222 1257 2268 speeiei
1270 2221 1375 2256 debiti
1391 2220 1581 2255 consistitin
1593 2222 1814 2257 aellimatione
1822 2221 1939 2269 quanti
1950 2220 2087 2267 'plurimi

1136 2272 1233 2318 Cagn.
1250 2271 1284 2306 d.
1296 2282 1326 2305 n.
1342 2272 1399 2306 60.

1183 2318 1364 2365 Rellrivge
1376 2318 1494 2364 primo,
1508 2317 1709 2352 declarando
1734 2315 1868 2352 eandem
1895 2315 2084 2355 conclusio-

1135 2378 1208 2400 nem
1235 2377 1313 2400 cum
1336 2367 1396 2400 illis
1415 2366 1546 2401 duabus
1562 2365 1809 2401 exzenfionibus
1822 2393 1830 2404 ‚
1847 2376 1884 2398 ut
1899 2365 2085 2411 procedant

1136 2413 1307 2461 suppositi,
1321 2415 1466 2448 terminis
1479 2414 1653 2454 luabihbus,
1669 2425 1786 2460 nempe
1807 2412 2022 2448 exilientibus
2035 2426 2087 2448 re-

1137 2462 1268 2510 quifitis
1282 2462 1409 2498 illisue
1420 2463 1543 2509 quibus
1564 2461 1670 2508 scripsi
1684 2464 1788 2509 supra
1804 2463 1834 2507 §-
1863 2473 1889 2494 ι.
1904 2474 1935 2508 q.
1968 2473 2086 2508 φραγ.

1139 2523 1170 2544 2.
1183 2511 1283 2557 ampl.
1298 2511 1329 2544 8.
1347 2522 1466 2545 numer.
1479 2522 1536 2555 99.
1549 2509 1679 2557 &seqq.
1691 2521 1814 2546 numer.
1831 2523 1870 2543 ιι
1881 2510 2087 2558 1.&seqq.&

1138 2569 1155 2591 2
1187 2559 1216 2592 8.
1231 2558 1265 2594 (9'
1299 2572 1315 2591 e
1361 2584 1367 2591 .
1491 2586 1493 2589 ⁴

1164 2559 1363 2652 3Restrsnsgqe
1378 2605 1535 2648 secundo,
1550 2614 1587 2640 ut
1600 2604 1784 2651 procedant
1801 2633 1809 2647 ,
1824 2605 1972 2653 inspesto
1992 2604 2085 2654 rigo-

1135 2665 1172 2687 re
1186 2653 1278 2699 juris,
1295 2653 1348 2688 sed
1365 2655 1503 2700 inspesta
1513 2654 1686 2701 aequitate,
1701 2665 1782 2702 quae
1800 2655 1915 2689 servari
1932 2655 2083 2693 deberet,

1137 2700 1242 2735 essent
1260 2703 1495 2748 temperandae,
1515 2713 1551 2738 ut
1564 2701 1650 2735 istud
1664 2700 1818 2737 interesse
1834 2704 1960 2737 veniret
1973 2701 2089 2736 mode-

1136 2749 1286 2789 randum,
1307 2751 1461 2796 regulato
1478 2752 1510 2784 8(
1524 2747 1799 2796 honessojudicis
1815 2750 1965 2791 arbitrio,
1992 2759 2030 2783 ut
2054 2750 2090 2785 in

1136 2795 1222 2836 casu,
1237 2796 1362 2844 dequo
1377 2798 1530 2846 loquitur
1540 2800 1672 2846 Cagim'n
1685 2798 1707 2831 l.
1725 2798 1888 2844 unicasub
1905 2797 2087 2840 mtmer.46.

1137 2844 1251 2890 verfic.
1277 2846 1339 2880 ulr.
1364 2860 1423 2881 non
1449 2846 1545 2887 obstac
1561 2872 1570 2887 ‚
1594 2848 1628 2880 C.
1657 2845 1784 2892 desem.
1806 2858 1870 2893 quae
1881 2857 1940 2893 pro
1952 2858 1997 2885 eo,
2019 2844 2089 2881 &c-

1138 2903 1238 2939 quem
1258 2894 1507 2942 retulifiip.fieh
1521 2905 1641 2927 numer.
1671 2906 1722 2938 33.
1739 2893 1874 2933 dicens,
1894 2892 1990 2942 quod
2007 2905 2087 2928 cum

1137 2939 1191 2974 illa
1204 2941 1330 2976 taxatio
1341 2942 1544 2988 praeseferret
1558 2942 1699 2987 rigorem
1712 2967 1722 2982 ,
1745 2942 1797 2975 vix
1812 2953 1926 2988 potuit
1940 2951 2088 2988 unquam

1138 2989 1297 3024 executio
1311 2989 1540 3034 judicatorum
1557 2989 1667 3023 haberi
1683 3014 1691 3028 ‚
1706 2990 1739 3024 δε
1751 2990 1846 3037 quod
1865 2989 1995 3024 tandem
2008 2988 2087 3034 ipsi,

1137 3037 1172 3070 ὃς
1191 3036 1283 3070 alteri
1303 3037 1529 3083 condelegato
1554 3037 1730 3072 videbatur
1747 3064 1756 3077 ,
1775 3038 1979 3085 Praedistuln
2003 3037 2087 3070 inte·

1137 3082 1221 3118 resse
1239 3084 1467 3119 reducendum
1482 3086 1550 3120 esse
1559 3086 1599 3118 ad
1620 3085 1787 3119 honestam
1822 3085 1975 3119 summam
1994 3096 2003 3119 τ
2026 3084 2090 3118 εό-

1139 3131 1182 3165 de
1203 3144 1288 3214 qudo}
1313 3145 1375 3179 pro
1395 3135 1458 3168 hac
1487 3133 1690 3168 restriflione
1709 3132 1816 3180 scripfi
1835 3148 1863 3179 3.
1881 3130 2019 3180 praeccd.
2035 3132 2088 3181 gl.

1140 3193 1165 3216 1.
1189 3192 1219 3213 n.
1292 3206 1299 3215 .

1187 3227 1280 3263 Haec
1300 3226 1461 3265 restrifflo
1489 3243 1555 3265 non
1577 3230 1718 3264 multum
1734 3226 1878 3277 quadrat
1895 3227 2089 3264 meremoth

1137 3273 1220 3318 bus,
1248 3278 1281 3312 &
1302 3276 1481 3322 praesertim
1504 3278 1609 3314 forsan
1623 3277 1854 3314 Genuensibus
1874 3278 1950 3323 quia
1968 3278 2024 3324 ’ρΓν
2052 3277 2087 3313 in

1139 3322 1207 3358 hoc
1219 3322 1377 3359 summum
1394 3324 1576 3373 sequuntur
1592 3328 1745 3372 rigorem.
1764 3323 2088 3373 utscripsifispmum.

1141 3383 1194 3416 33.
1211 3376 1324 3419 versus
1337 3372 1442 3412 finem,
1457 3374 1532 3410 &in
1547 3374 1613 3408 alio
1630 3372 1772 3407 articulo
1782 3375 1856 3420 sup.
1882 3375 1912 3419 ξ.
1945 3386 1972 3410 ι.
1999 3385 2032 3420 q.
2052 3384 2087 3420 7.

1135 3431 1210 3501 par.
1225 3431 1255 3452 2.
1266 3419 1366 3468 ampl.
1382 3421 1484 3470 8-sub
1497 3433 1618 3456 numer.
1637 3433 1676 3466 ²3
1688 3419 1829 3463 uverfic.
1841 3421 1872 3455 8.
1885 3421 1935 3456 ad
1943 3432 2088 3468 compro-

1160 3478 1307 3501 arionem.

1188 3514 1231 3548 Et
1242 3514 1318 3549 haec
1337 3515 1497 3562 deprimo
1508 3514 1665 3558 articulo,
1677 3527 1796 3564 nempe
1815 3513 1900 3551 lucri
1915 3511 2087 3558 cessantis,

1136 3562 1249 3610 posito
1266 3564 1371 3610 supra
1385 3565 1440 3602 snb
1457 3577 1488 3598 n.
1508 3565 1558 3598 18.
1572 3563 1711 3611 &s‘q‘l-

2130 2611 2176 2647 59

1186 3610 1299 3646 Venio
1309 3611 1354 3647 ad
1368 3612 1547 3649 secundum
1562 3613 1740 3646 articulum
1751 3636 1761 3654 ,
1775 3598 1919 3658 positum
1924 3613 2030 3658 supra
2049 3608 2086 3647 d.
2124 3630 2173 3668 6⁰

1932 3669 2017 3694 num·
2034 3659 2086 3695 ¹80

1556 3659 1692 3707 ΡΡΞ
