2400 3939
943 175 991 237 §.
1033 170 1166 229 VII.
1203 164 1380 229 Gloff.
1413 167 1483 227 II.

121 259 154 293 in
170 257 382 306 phantasticis
393 255 584 293 Dostorum
599 255 842 294 commentariis
856 281 866 298 ,
882 256 960 291 vide
963 261 1068 305 supra

114 308 179 355 sub
195 321 227 342 n.
249 307 300 342 18.

173 355 295 389 Tertio
313 353 446 387 demum
467 351 638 399 praemitto
651 379 662 394 ,
681 350 778 399 quod
805 352 889 387 DD.
914 351 1007 398 super
1034 352 1072 384 il-

121 404 153 438 la
176 403 198 437 l.
225 412 298 441 tot,
318 402 352 434 δε
382 399 468 434 adeo
499 400 628 442 varios,
648 402 681 434 δε
706 399 868 434 obscuros
891 400 1068 434 ediderunt

61 469 67 476 ·
120 448 398 488 commentarios,
422 459 459 482 ut
480 448 596 493 ignota
620 460 678 495 per
704 447 861 492 ignitiora
891 446 1069 481 videantur

119 495 296 536 docuisse,
328 496 361 530 &
381 495 426 529 eis
441 494 587 530 evenisse
601 520 610 536 ,
634 496 731 543 quod
764 494 922 540 imperitis
944 490 1069 530 accidit

116 543 306 580 textoribus
327 542 385 590 qui
413 543 594 589 principio,
624 542 681 577 seu
710 543 822 588 capite
847 542 905 576 filii
923 542 1036 577 amilio
1057 568 1067 584 ,

116 604 191 640 quo
213 592 316 637 tnagis
353 590 486 637 pensum
520 592 661 631 volunt,
702 602 760 625 aut
787 590 969 624 revolvunt
986 617 995 631 ,
1025 601 1068 624 eo

117 641 223 686 magis
240 639 420 681 intricant-9
439 639 470 672 ὅ(
490 638 528 672 iis
544 665 552 678 ,
578 638 638 684 qui
652 638 731 672 dum
742 638 853 684 plagas
868 637 999 684 aliquot
1014 650 1069 671 ve-

117 688 168 723 lut
202 686 336 722 nimium
359 686 670 731 patulas'consuere
697 685 869 726 nituntur,
899 687 1011 731 plures
1035 688 1068 720 ὅς

117 735 290 782 graviores
313 734 490 779 infligunt,
510 745 613 782 quare
636 746 711 769 curn
729 734 761 766 in
789 733 1066 768 dissoliibiliorem

117 785 297 818 videantur
321 778 438 816 fecisse
453 809 462 822 ,
490 782 588 815 satius
616 780 765 815 existimo
784 807 793 821 ,
821 782 863 819 fi.
885 780 1068 814 Alexandri

116 831 237 877 Magni
253 829 437 875 exemplum
460 829 575 864 imitati
587 829 685 869 ‚dum
701 828 962 876 inexplicabilem
977 829 1068 862 Gorss

117 878 209 913 dium
224 877 352 911 nodum
367 877 483 922 gladio
496 876 633 911 abscidit
644 902 653 917 ,
669 875 726 909 has
745 875 914 916 confusas,
935 877 967 909 ὅ(
980 876 1068 910 inex-

116 925 287 973 plicabiles
305 925 540 970 perplexitates
556 924 684 958 filentio
713 924 895 958 laceremus
921 924 1036 968 potius
1055 949 1065 964 ‚

116 985 215 1021 quam
233 973 372 1018 filongo
394 972 489 1006 nimis
502 1000 510 1014 ‚
529 973 562 1007 ὅς
581 972 689 1007 inutili
718 971 866 1007 sermone
880 971 1068 1006 solvereni-

117 1032 237 1056 tamur.
403 1065 406 1067 v

165 1062 231 1103 His
256 1065 424 1116 praemiffis
438 1094 448 1109 ,
471 1069 643 1103 concludo
655 1094 664 1108 ,
678 1077 857 1111 utramque
873 1066 1064 1113 opinionem

116 1118 151 1152 in
175 1117 240 1151 suis
262 1117 360 1152 casib.
383 1118 450 1150 esse
474 1128 605 1158 veram3
632 1116 704 1156 sed,
736 1126 774 1149 ut
795 1114 936 1150 faciliori
975 1116 1069 1152 ordi-1

114 1177 178 1203 ne,
204 1177 276 1212 quo
299 1163 494 1210 possumus,
522 1164 625 1209 hujus
645 1163 869 1198 conclusionis
890 1165 1064 1198 veritatem

112 1213 367 1260 persequamur,
393 1213 426 1245 ὃς
449 1212 467 1244 a
496 1221 589 1245 textu
609 1223 678 1246 non
700 1210 905 1244 discedamus
919 1239 929 1253 ,
949 1212 1063 1258 seque-

110 1272 186 1295 mur
205 1261 239 1294 in
265 1260 377 1303 primis
396 1259 638 1293 distinctionem
672 1259 890 1304 Imperatoris
915 1263 947 1294 in
981 1261 1014 1294 d.
1040 1259 1063 1292 l.

110 1311 231 1349 unica,
256 1309 291 1342 ὅς
320 1319 360 1341 ex
387 1307 496 1353 primo
519 1307 736 1341 disiinffionis
765 1308 913 1342 membro
943 1307 1065 1342 consti-

110 1365 245 1391 tuemus
277 1355 446 1401 regulam,
475 1354 591 1399 primae
623 1354 774 1400 opinioni
808 1354 1004 1396 consonam,
1030 1357 1064 1390 &

111 1415 152 1437 ex
181 1403 331 1439 secundo
367 1402 517 1436 membro
554 1403 797 1436 constituemus
833 1402 1064 1439 limitationem

109 1452 260 1499 regulae,
279 1453 313 1486 ὃς
337 1450 448 1484 omnia
471 1450 628 1496 exemplis
646 1450 890 1484 illustrabimus.

160 1499 212 1534 Sit
234 1511 317 1545 ergo
341 1499 457 1541 regula
480 1503 572 1544 juxta
599 1498 733 1542 primam
753 1498 958 1541 ‚opinionem
979 1526 989 1540 ,
1027 1509 1066 1533 ut

112 1545 146 1581 in
174 1549 299 1581 omnib.
322 1546 475 1586 casibus,
503 1546 563 1592 qui
588 1556 711 1579 certain
748 1544 872 1580 habent
897 1546 1066 1594 quantita-

113 1605 180 1629 tem
197 1621 207 1635 ,
237 1596 290 1628 vel
319 1604 490 1637 naturam,
514 1592 666 1628 interesse
688 1605 755 1627 non
777 1593 874 1639 possit
904 1595 1066 1629 excedere

114 1642 268 1689 duplum.

162 1689 256 1725 Haec
269 1691 384 1736 regula
415 1690 547 1725 duabus
569 1689 743 1737 potiffimis
765 1689 905 1724 concuti
931 1689 1067 1725 videtur

113 1737 383 1774 difficultatibus.

161 1785 271 1821 Prima
294 1787 375 1834 quia
397 1786 456 1834 qui
486 1786 546 1820 sint
572 1785 621 1819 isti
648 1784 764 1827 casus,
795 1786 839 1820 de
869 1786 993 1834 quibus
1016 1785 1068 1821 lo-

113 1834 233 1883 quitur
247 1861 258 1876 ,
297 1847 358 1869 nos
385 1836 466 1868 latet
479 1861 487 1873 ,
514 1836 547 1868 ὅς
576 1834 659 1867 male
673 1833 754 1869 fecit
776 1834 946 1881 legissator
959 1861 968 1874 ,
988 1835 1068 1881 quia

113 1895 175 1918 eos
213 1895 279 1917 non
324 1881 473 1929 expressit
493 1881 674 1928 secundum
707 1885 780 1928 Cyn.
808 1886 842 1916 in
871 1883 906 1917 d.
936 1884 959 1918 l.
994 1885 1066 1917 uni-

112 1944 154 1967 ca
171 1957 180 1972 ,
207 1931 274 1978 sub
293 1943 416 1965 numer.
445 1931 496 1964 18.
516 1942 545 1976 q.
577 1941 606 1973 3.
649 1929 721 1970 ihi,
747 1931 798 1965 hic
820 1931 919 1969 restat
948 1942 1066 1977 quaere-

112 1989 168 2019 re,
198 1980 232 2013 ὅ(
260 1978 448 2024 Imperator
477 1978 610 2013 videtur
652 1977 696 2011 de
723 1978 882 2013 industria
922 1978 1066 2013 obscure

112 2027 254 2061 locutus
269 2053 278 2068 ,
304 2026 456 2074 ideoque
478 2035 605 2060 certant
623 2024 800 2061 scribentes
827 2026 870 2060 de
895 2026 1066 2061 intelieetu

112 2074 218 2121 hujus
241 2075 371 2122 regulae
399 2075 453 2110 seu
476 2075 579 2120 legis,
613 2074 647 2108 &
675 2085 772 2108 nemo
789 2074 964 2108 veritatem
990 2085 1066 2120 ape-

110 2123 184 2157 ruit
199 2148 209 2164 ‚
241 2122 287 2157 ait
303 2124 401 2171 Cagni
426 2122 507 2158 ibid.
522 2134 607 2156 num.
626 2133 657 2167 5.
679 2123 713 2156 &
728 2122 773 2156 est
797 2122 965 2156 intricatio
983 2133 1063 2156 cona

110 2169 342 2207 troversiffima
355 2196 364 2212 ,
385 2171 419 2205 ὃς
444 2170 577 2205 demum
596 2169 741 2216 quaestio
762 2170 864 2214 hujus
877 2171 1004 2215 regulae
1019 2169 1065 2202 est

110 2217 340 2266 perobscura,
368 2218 412 2252 de
439 2229 507 2265 qua
536 2228 602 2253 tam
630 2217 731 2252 variae
762 2217 837 2252 sunt
864 2217 1066 2252 doctissimo-

109 2277 183 2301 rum
209 2265 407 2307 hominum‚
437 2275 574 2314 tamque
604 2264 828 2312 discrepantes
866 2264 1066 2306 sententiae,

109 2325 150 2350 ut
171 2313 259 2348 suam
275 2314 419 2362 quilibet
433 2313 578 2348 inveniat
593 2312 786 2359 opinionem
799 2340 808 2354 ‚
828 2314 862 2348 <Sc
886 2313 918 2347 in
940 2325 977 2347 ea
996 2312 1066 2346 val-

110 2362 156 2397 de
182 2361 337 2397 sudarent
358 2361 459 2396 nostri
485 2361 684 2407 scriptores,
710 2363 743 2396 &
765 2361 834 2396 fere
864 2361 984 2407 singuli
1013 2359 1066 2394 di·-

109 2409 219 2444 versas
243 2408 418 2445 habuerint
445 2409 646 2449 sententias,
677 2410 766 2445 adeo
800 2408 897 2456 quod
923 2409 1065 2442 circum-

108 2458 264 2493 feruntur
283 2457 468 2492 duodecim
492 2457 689 2504 opiniones,
721 2459 754 2492 δε
781 2468 869 2503 opus
905 2455 971 2490 esse
1003 2456 1065 2490 de·—

108 2506 293 2540 claratione
330 2505 550 2551 Imperatoris
569 2531 578 2546 ,
601 2504 680 2552 quia
708 2505 752 2539 de
777 2503 975 2552 quibusdam
1004 2505 1064 2538 im-

135 2553 260 2589 offibile
284 2553 330 2587 est
364 2565 532 2600 exponere
558 2553 593 2588 d.
624 2553 648 2586 l.
674 2557 826 2594 unicam,
858 2564 939 2599 quae
969 2553 1064 2599 ponit

107 2565 198 2636 {iane
217 2602 365 2647 regulam
385 2625 396 2642 ‚
423 2601 546 2647 Rehuff.
577 2603 610 2634 in
630 2600 664 2635 d.
695 2601 718 2635 l.
747 2603 868 2641 unica,
893 2603 926 2634 in
955 2602 1004 2650 gl.
1032 2603 1065 2633 in

109 2650 201 2685 verb.
233 2652 447 2697 quantitatem
470 2661 592 2683 numer.
606 2659 637 2694 5.
655 2651 741 2696 veis.
754 2660 855 2695 quaero
878 2660 963 2696 ergo,
981 2659 1066 2695 quas

108 2698 253 2745 singulas
276 2696 455 2742 opiniones
487 2695 584 2730 fuisse
607 2696 647 2730 ab
685 2696 854 2744 aliquibus
891 2695 1063 2742 impugna-

109 2756 162 2781 tas
189 2756 258 2780 non
288 2757 340 2779 me
369 2744 488 2785 latuit,
513 2745 547 2779 &
567 2743 654 2779 adeo
677 2744 724 2779 est
752 2742 894 2779 obscura
918 2744 996 2779 haec
1012 2755 1063 2778 re-

109 2793 204 2840 gula,
219 2804 257 2828 ut
273 2792 427 2840 quamvis
443 2792 545 2828 nostri
570 2791 657 2827 DD.
679 2793 785 2827 multa
801 2790 988 2838 scripserint
1001 2803 1066 2838 pro

110 2843 188 2887 ejus
199 2840 438 2881 declaratione.
453 2849 564 2876 tamen
580 2850 621 2874 ex
635 2840 698 2873 illis
712 2851 777 2874 non
799 2838 949 2874 clarescit
961 2865 969 2879 ‚
995 2839 1064 2874 imo

109 2888 272 2925 accrescit
290 2888 395 2934 magis
410 2887 606 2927 obscuritas,
619 2898 656 2922 ut
669 2887 752 2922 dicit
765 2886 928 2931 Cyn.ib1'd.
940 2899 1061 2921 numeri

110 2949 167 2973 ιο.
184 2935 367 2983 versusftn.
389 2936 446 2977 ibi,
463 2935 543 2983 quid
555 2936 711 2976 dicemus,
725 2934 847 2969 &ideo
862 2934 988 2980 Rebuff.
1009 2935 1066 2968 ubi

99 2987 207 3032 supra
220 2995 342 3020 numer.
363 2996 420 3030 30.
435 2983 529 3023 versi.
542 2982 622 3029 quid
633 2995 718 3031 ergo,
734 2982 815 3028 postr
833 2981 950 3015 relatas
980 2982 1064 3016 mul-

110 3044 162 3068 tas
175 3031 365 3078 opiniones,
379 3031 475 3072 dicit,
490 3031 606 3065 melius
623 3030 696 3065 fore
710 3056 720 3071 ‚
731 3028 828 3077 quod
853 3028 960 3065 sileret
979 3029 1062 3063 nihi-

107 3079 296 3117 lominus&
312 3079 380 3127 ipse
397 3079 487 3114 suam
500 3078 595 3114 affert
609 3078 802 3126 opinionem
815 3103 825 3118 ,
842 3077 876 3111 δι
906 3077 985 3113 licet
1010 3077 1065 3111 alii

105 3127 338 3164 moderniores
349 3127 422 3173 post
437 3125 621 3162 Rebuffum
632 3137 737 3161 novas
752 3124 932 3172 opiniones
940 3136 1065 3160 conen-

103 3185 163 3212 tur
186 3174 368 3214 adducere,
386 3184 495 3209 tamen
512 3186 628 3209 omnes
642 3175 674 3208 in
689 3173 834 3220 aliquam
845 3183 885 3206 ex
897 3172 1067 3218 praediffis

104 3226 257 3272 priorum
274 3222 493 3269 opinionibus
503 3222 716 3263 relabuntur,
733 3232 800 3266 ego
816 3245 827 3262 ‚
855 3230 898 3254 ne
924 3219 1064 3256 onerosa

105 3271 305 3318 opinionum
317 3270 501 3310 relatione,
519 3269 674 3305 &inutili
705 3267 937 3314 disputatione
960 3280 1063 3303 mem-

107 3320 228 3356 branas
241 3329 422 3365 occupem,
441 3318 624 3352 resolutive
651 3317 767 3364 sequar
784 3314 1064 3363 conclusiones&

106 3367 297 3415 opinione3‚
315 3376 401 3413 quas
413 3366 491 3400 usus
503 3367 557 3406 ,&
570 3365 678 3412 praxis
688 3363 869 3400 admittunt
882 3374 898 3407 ¹,
921 3364 1019 3411 quod
1040 3364 1065 3398 fi

106 3415 299 3462 opinionem
311 3414 518 3455 conflictum,
529 3415 563 3448 &
577 3413 773 3449 varietatem·
783 3422 821 3446 tu
837 3411 1002 3446 desideres
1016 3412 1064 3448 vi-

107 3462 188 3498 dere
206 3463 296 3508 legas
309 3464 341 3494 in
354 3461 388 3495 d.
405 3463 428 3495 l.
451 3464 558 3502 unica,
577 3461 632 3496 Gi.
654 3463 687 3496 in
705 3460 804 3496 verbo
817 3485 826 3500 ‚
845 3459 1064 3498 contrafilibur

108 3510 307 3551 &invem
321 3512 354 3542 in
364 3510 444 3544 aliis
473 3512 548 3555 eyn.
567 3521 690 3544 numer.
708 3519 763 3542 20.
781 3505 874 3547 verli.
885 3509 1063 3556 queramus

107 3570 195 3606 ergo.
209 3559 286 3592 Bar.
299 3570 421 3593 numer.
444 3571 473 3603 3.
498 3556 591 3598 verli.
628 3561 721 3592 venio
755 3556 802 3590 ad
825 3557 1002 3590 contraria.
1027 3555 1062 3592 (ρ’

110 3604 234 3643 numer.
253 3616 289 3648 4.
302 3606 381 3644 Bal.
395 3618 517 3643 numer.
539 3606 591 3641 16.
605 3605 697 3652 verfi.
716 3604 808 3641 modo
824 3614 879 3651 ego
891 3622 916 3646 ‚:
931 3603 988 3642 ubi
1001 3603 1062 3643 cle-¹

9 354 85 390 {68

33 1704 78 1743 ⁷0

1966 188 2065 245 451

1131 263 1242 298 clarat,
1262 261 1345 306 quid
1360 260 1397 292 fit
1411 259 1576 307 quantitas
1589 257 1737 299 discreta,
1755 261 1788 294 δε
1803 256 1885 305 quid
1904 266 2072 304 quanta-as

1125 320 1297 347 continua,
1314 309 1392 341 Alc.
1408 319 1528 340 numer.
1547 319 1578 339 2.
1601 307 1735 352 &sals
1761 309 1793 341 ὃς
1823 309 1999 352 pra-sertim
2012 309 2068 350 [ᾖξ’

1124 368 1245 393 numer.
1266 358 1298 389 6.
1312 355 1530 401 ubrsequitut
1549 354 1738 398 opinionem
1760 357 1874 389 Jacolwi
1895 357 1936 388 de
1964 359 2064 389 Aren.

1122 410 1201 440 Bar.
1218 404 1251 440 &
1267 405 1347 436 Ant.
1360 403 1448 436 Fient.
1460 403 1553 435 ιναὲἶ.
1571 401 1611 432 de
1625 413 1658 432 eo
1678 403 1759 446 quod
1775 404 1901 439 inrercr‘i
1915 403 1970 443 [ab
1981 415 2064 436 >turm

1121 467 1177 495 42.
1193 468 1220 487 c.
1247 463 1281 492 4.
1297 452 1462 486 &numen
1481 461 1537 492 43.
1566 449 1695 493 &scytst
1720 461 1793 483 tom.
1815 462 1842 494 5.
1860 451 1926 495 fol.
1956 453 2003 484 16.
2033 451 2067 483 ὃς

1121 499 1263 547 fingulas
1277 498 1453 544 opiniones
1468 497 1614 531 referunt
1636 496 1759 542 Kebuffi
1786 501 1818 530 in
1844 497 1880 530 d.
1897 498 1945 544 gl.
1969 509 2067 542 quan-

1121 552 1249 582 titatem
1275 557 1396 579 numer.
1427 548 1459 581 6.
1493 545 1526 582 ὅ]
1540 546 1634 590 seqq.
1668 545 1762 591 usqne
1790 545 1837 579 ad
1860 557 1980 578 numer.
2013 556 2066 588 30.

1125 597 1159 633 &
1192 597 1266 630 alii.

1171 641 1329 677 Secunda
1340 640 1516 674 difficultas
1531 637 1587 678 est,
1604 639 1682 685 qnia
1700 642 1773 683 Cyn.
1795 637 1874 673 Bar.-
1901 638 1934 674 &²
1951 640 2014 672 alii
2035 643 2067 673 in
2108 652 2148 692 '7⁴¹'

1121 692 1156 726 d.
1169 693 1192 725 l.
1211 693 1319 729 unica,
1333 689 1451 722 multas
1463 687 1619 721 adversus
1633 687 1716 721 lianc
1732 688 1877 734 regulam
1891 686 2066 721 adducunt

1122 738 1361 786 oppositiones,
1376 738 1417 769 ad
1428 733 1682 775 ostendendum,
1698 737 1792 780 quod
1807 733 1954 767 interesse
1969 735 2066 768 etiarn

1121 787 1153 821 in
1176 784 1318 821 terminis
1341 784 1441 828 liujus
1462 782 1590 826 regiilae
1605 781 1712 825 potest
1732 782 1892 816 excedere
1902 781 2067 827 dupliiin3

1120 835 1153 868 in
1164 845 1304 881 quarum
1319 830 1567 876 oppositionum
1587 829 1753 864 somnone
1787 831 1926 862 multum
1943 830 1972 862 se
1995 842 2066 863 tor-

1119 892 1235 930 quent,
1258 882 1290 914 δε
1305 879 1482 923 implicant,
1505 887 1543 910 ut
1557 876 1722 921 dixiiiffra
1739 890 1858 911 numer.
1880 889 1935 919 90.
1953 880 2065 921 versic.

1120 927 1384 977 inferosecnndo.
1498 968 1501 970 q

1169 976 1248 1016 His,
1262 987 1299 1009 ut
1310 973 1469 1008 attentior
1482 973 1532 1014 fis,
1548 971 1738 1019 praelibatis,

1169 1023 1312 1058 Declara
1327 1023 1411 1055 hanc
1425 1022 1582 1067 regulam,
1600 1032 1638 1054 ut
1657 1021 1797 1061 adhoc,
1814 1030 1852 1054 ut
1866 1020 2017 1055 interesse
2034 1022 2067 1055 in

1120 1072 1206 1111 casu,
1218 1072 1357 1104 habente
1371 1080 1493 1103 certam
1506 1068 1737 1116 quantitatem,
1750 1068 1804 1104 seu
1818 1081 1975 1110 naturam,
2001 1082 2067 1104 non

1120 1119 1217 1165 possit
1236 1117 1397 1152 excedere
1409 1116 1559 1161 duplum,
1578 1116 1785 1162 requirantur
1802 1129 1870 1150 tria.
1890 1117 2002 1150 Primo
2019 1130 2068 1151 re-

1119 1166 1265 1213 quiritur
1276 1165 1371 1212 quod
1389 1164 1428 1197 ad
1446 1164 1481 1197 sit
1498 1165 1648 1198 debiturn
1666 1164 1857 1211 principale,
1872 1176 2011 1205 certum,
2034 1166 2069 1199 ὃς

1119 1214 1340 1249 communiter
1353 1212 1553 1246 aestimabile.
1572 1211 1742 1252 Secundo,
1760 1212 1855 1258 quod
1871 1212 2004 1247 accidat
2016 1224 2069 1246 ca-

1119 1262 1170 1296 sus
1188 1260 1339 1297 intereffe
1350 1258 1532 1294 extrinseci.
1560 1258 1680 1294 Tertio
1696 1286 1704 1298 ,
1726 1259 1824 1307 quod
1846 1259 1939 1294 casus
1968 1259 2070 1306 hujus

1119 1309 1272 1344 interesse
1293 1307 1487 1348 extrinseci,
1508 1306 1542 1340 id
1572 1308 1637 1347 est,
1671 1307 1900 1353 contingentia
1927 1307 2009 1353 ipla,
2030 1320 2071 1342 eit

1120 1369 1188 1404 qua
1219 1358 1326 1392 oritur
1359 1355 1523 1401 obligatio
1547 1353 1588 1387 ad
1609 1354 1778 1395 interesse,
1806 1355 1954 1400 respiciat
1986 1356 2070 1389 illud

1120 1406 1301 1450 principale
1322 1403 1471 1437 debiturn
1485 1429 1493 1442 ,
1516 1404 1548 1437 ἀ
1573 1403 1794 1436 communiter
1822 1401 2021 1444 astxmabile,
2036 1405 2069 1438 δε

1120 1465 1189 1488 non
1213 1454 1332 1487 habeat
1362 1450 1454 1484 aliud
1478 1449 1667 1496 specificum
1700 1451 1882 1497 objesturn.
1936 1460 1945 1478 i

1168 1501 1370 1535 Subdeclara
1380 1498 1421 1531 ad
1436 1497 1527 1532 usum
1540 1496 1900 1545 praxis,distinguendo
1911 1505 1976 1532 tres
1990 1510 2072 1545 prae-

1126 1548 1241 1595 cipuas
1264 1547 1493 1594 inlpestiones.

1169 1597 1279 1630 Prima
1298 1595 1456 1643 inspefflo
1473 1593 1531 1635 est,
1550 1592 1687 1641 quando
1704 1595 1830 1629 nullum
1846 1594 2008 1640 probatur
2021 1593 2072 1628 in-

1125 1644 1255 1678 tereste.

1170 1689 1329 1726 Secunda
1346 1717 1355 1730 ,
1382 1687 1520 1736 quando
1543 1690 1703 1736 probatur
1730 1689 1867 1738 quidem
1893 1688 2071 1731 interesse,

1121 1739 1176 1774 sed
1206 1752 1272 1774 non
1298 1739 1460 1783 probatur
1487 1737 1606 1778 dolus,
1636 1737 1756 1784 culpa,
1788 1738 1842 1772 seu
1873 1750 1962 1772 mora
1978 1738 2075 1783 ejus,-

1123 1788 1183 1835 qui
1212 1785 1337 1821 dicitur
1362 1784 1458 1818 fuisse
1485 1784 1516 1818 in
1536 1784 1631 1820 causa
1652 1797 1777 1820 remota
1807 1785 1894 1820 illius
1907 1784 2073 1820 interesse.

1171 1835 1288 1869 Tertia
1302 1857 1311 1875 ,
1343 1831 1481 1889 quando
1507 1836 1669 1878 probatur
1686 1833 1824 1879 quidem
1837 1833 1990 1868 interesse
2005 1859 2014 1873 ⁷
2039 1833 2073 1867 ὃς

1123 1885 1286 1929 probatur
1305 1881 1400 1916 etiam
1415 1907 1423 1921 ,
1451 1880 1534 1915 dolo
1549 1882 1647 1927 culpa
1665 1906 1674 1922 ,
1698 1881 1753 1915 seu
1780 1893 1877 1916 mora·
1892 1881 2072 1921 debitoris,

1123 1932 1176 1965 vel
1200 1929 1427 1965 contrahentis
1460 1928 1645 1974 processisse
1670 1928 1794 1963 distum
1825 1928 1976 1973 interesse
1992 1955 2001 1970 ,
2019 1929 2076 1962 sed

1123 1990 1232 2014 tamen
1264 1978 1317 2012 ille
1341 1977 1462 2015 dolus,
1495 1976 1613 2022 culpa,
1633 1976 1688 2010 seu
1715 1988 1825 2017 mora,
1855 1979 1888 2011 ὅ(
1910 1976 2012 2022 ipsum
2026 1975 2073 2009 fa-

2110 1496 2154 1538 ἢ

1093 2029 1096 2033 “
1122 2027 1230 2066 stum,
1255 2025 1309 2059 seu
1331 2023 1522 2059 contradus
1544 2026 1576 2059 in
1605 2034 1676 2072 quo
1700 2023 1788 2058 adest
1812 2025 1909 2072 culpa
1932 2025 1984 2057 vel
2003 2036 2075 2058 mo-

1123 2087 1154 2110 ra
1171 2101 1181 2113 ,
1207 2074 1307 2108 habet
1331 2083 1457 2107 certum
1482 2071 1672 2117 specificam
1689 2072 1858 2119 objechim
1869 2072 1910 2106 ad
1925 2084 2002 2112 rem,
2016 2071 2074 2105 de-

1121 2123 1254 2157 duftam
1286 2122 1320 2154 in
1342 2119 1537 2159 commissu,
1565 2121 1597 2154 ὃς
1621 2121 1653 2153 in
1681 2131 1747 2167 qua
1777 2120 1867 2154 adest
1887 2119 2073 2166 culpa,vi=

1121 2173 1204 2206 tium
1222 2197 1231 2211 ‚
1249 2170 1313 2204 ,seu
1339 2179 1430 2202 mora
1447 2193 1456 2207 ,
1477 2169 1517 2202 ’δε
1539 2167 1629 2201 aliud
1642 2167 1811 2214 objeffihim
1829 2181 1896 2202 non
1912 2168 2022 2202 habet.

1172 2217 1213 2252 In
1244 2217 1346 2264 prima
1366 2215 1570 2262 inspectione
1596 2228 1678 2250 vana
1706 2215 1859 2250 redditur
1872 2224 2073 2250 controvere

1123 2267 1166 2300 fia
1193 2266 1298 2313 usque
1325 2263 1366 2297 ad
1391 2275 1490 2310 quarn
1515 2264 1735 2310 quantitatem
1755 2266 1932 2298 taxandum
1957 2263 1994 2297 sit
2021 2264 2076 2298 in-¹

1122 2313 1260 2355 teresse,
1282 2311 1361 2359 quia
1384 2322 1451 2345 non
1475 2311 1560 2345 entis
1575 2323 1641 2346 non
1666 2310 2071 2358 indiganturqualitates:

1123 2373 1229 2409 quare
1260 2358 1454 2394 accedendo
1484 2358 1526 2393 ad
1553 2358 1719 2393 materiam
1742 2369 1823 2392 text.
1856 2362 1887 2392 in
1909 2358 1931 2392 l.
1951 2370 1998 2400 14.
2017 2362 2074 2396 Jus

1122 2411 1230 2444 lianus
1252 2412 1283 2442 in
1303 2410 1406 2456 princ.
1425 2407 1467 2451 ff.
1496 2407 1537 2440 de
1560 2408 1624 2443 ass.
1653 2418 1746 2452 empt.
1777 2406 1886 2453 finge,
1910 2406 2007 2454 quod
2033 2417 2089 2442 ω.

1123 2456 1311 2491 vendideris
1340 2454 1417 2488 mihi
1440 2465 1530 2488 certa
1559 2457 1671 2500 tigna,
1691 2456 1724 2489 ὅ(
1754 2466 1823 2488 non
1847 2453 2010 2501 fingamus
2039 2467 2072 2488 a-

1121 2505 1194 2539 liud
1213 2530 1224 2546 ,
1255 2515 1338 2539 tunc
1367 2501 1447 2535 nihil
1459 2501 1499 2535 ad
1529 2502 1614 2536 hanc
1636 2503 1781 2548 regillam
1799 2529 1809 2544 ,
1837 2502 1880 2536 dc
1913 2513 1978 2548 qua
1993 2504 2069 2550 sup.

1112 2553 1177 2602 sub
1207 2563 1329 2586 numer.
1358 2553 1413 2594 69.
1443 2549 1536 2595 »verfi⁴
1555 2549 1592 2589 fit
1615 2562 1700 2598 ergo.
1718 2550 1798 2598 quia
1820 2561 1897 2583 cum
1922 2548 2075 2585 nondum

1121 2600 1324 2635 extrinsecus
1350 2610 1422 2632 mea
1455 2597 1579 2632 intersit
1595 2622 1605 2639 ,
1623 2598 1712 2631 nulla
1741 2597 1787 2632 ost
1813 2598 1892 2631 mihi
1921 2607 1994 2631 nata
2017 2609 2074 2632 ac-

1125 2649 1174 2684 tio
1207 2647 1250 2682 ad
1271 2645 1453 2681 interesse:
1486 2646 1538 2679 vel
1569 2644 1683 2691 finge,
1715 2657 1747 2681 te
1770 2645 1879 2692 pretio
1911 2645 2075 2681 distorurn

1124 2697 1294 2742 tignorum
1331 2704 1497 2740 accepto,
1533 2692 1629 2727 fuisse
1656 2695 1822 2728 morosum
1845 2693 1877 2726 in
1893 2693 2074 2728 traditione

1123 2745 1289 2790 tignorum
1306 2768 1317 2783 ‚
1349 2741 1402 2776 sed
1429 2751 1557 2781 tamen,
1582 2753 1634 2774 me
1664 2754 1705 2776 ex
1725 2753 1782 2777 tua
1809 2753 1900 2776 mora
1931 2741 2010 2774 nihil
2039 2751 2073 2774 s-

1122 2790 1261 2830 rniffisse,
1280 2788 1397 2824 frustra
1415 2800 1547 2835 agerem
1558 2788 1602 2823 de
1615 2789 1771 2823 interesse
1784 2815 1793 2829 ,
1811 2798 1917 2834 perca
1929 2799 2010 2834 quae
2025 2789 2073 2824 se-

1124 2849 1225 2875 cutus
1248 2839 1320 2872 sum
1340 2840 1438 2884 supra
1465 2841 1496 2881 ξ.
1532 2846 1560 2870 r.
1594 2849 1622 2884 q.
1654 2850 1686 2884 7.
1717 2847 1807 2885 part.-
1847 2849 1878 2869 2.
1911 2847 1996 2883 amp.
2037 2836 2058 2870 8

1121 2899 1242 2922 numer.
1279 2898 1336 2933 77.
1369 2886 1402 2922 (9³
1435 2895 1556 2918 numer.
1595 2895 1671 2927 ²9²·
1712 2886 1802 2929 restr.
1819 2883 1968 2931 hincque
1990 2896 2073 2919 con-

1121 2935 1236 2969 stituta
1261 2935 1308 2968 est
1336 2932 1451 2978 regula
1471 2958 1480 2972 ,
1509 2932 1604 2979 quod
1634 2935 1811 2978 exceptio,
1843 2943 1901 2965 tua
1934 2944 2000 2967 non
2022 2933 2071 2965 in«

1123 2982 1234 3024 teresi,
1253 2981 1569 3028 repellitagentem‚
1588 2990 1623 3016 ut
1638 2980 1706 3014 dixi
1729 2983 1836 3029 supra
1864 2981 1896 3025 §.
1919 2992 1949 3013 ι.
1962 2978 2012 3027 gl.
2041 2988 2072 3025 50·

1112 3030 1220 3078 subn.
1239 3040 1313 3070 ¹42·
1828 3030 1829 3034 ’

1169 3078 1211 3112 1η
1247 3075 1393 3111 secunda
1417 3070 1623 3121 inspeffione
1649 3070 1828 3110 concludo
1858 3073 1976 3115 etiarn,
2006 3078 2073 3110 non

1121 3125 1213 3174 posse
1237 3125 1290 3171 agi
1317 3123 1357 3157 ad
1382 3122 1559 3164 intercise,
1583 3123 1638 3158 sed
1664 3123 1758 3168 posse
1785 3123 1889 3159 solum
1903 3122 1957 3168 agi
1969 3122 2094 3157 aetimr

1122 3186 1165 3208 ne
1180 3172 1302 3221 quinto
1331 3170 1486 3210 minoris,
1511 3173 1544 3206 dc
1568 3180 1628 3217 pto
1652 3171 1739 3205 clara
1760 3170 1978 3217 intelligentia
1995 3196 2005 3209 ‚
2026 3170 2075 3206 ir.-

1122 3220 1286 3256 h'aerendo
1301 3218 1448 3254 materiae
1462 3218 1611 3266 ejuffiem
1627 3219 1655 3254 l.
1665 3219 1818 3255 Julianus
1831 3245 1840 3260 ‚
1856 3228 1947 3265 pono
1962 3218 2089 3265 piures*

1124 3269 1231 3304 casus«
2048 3297 2050 3299 .

1173 3317 1303 3351 Primus
1317 3311 1422 3350 casuS.
1437 3312 1495 3349 Tu
1511 3311 1601 3350 bona
1619 3312 1686 3348 fide
1703 3313 1897 3355 vendidisti,
1920 3314 1953 3348 δε
1969 3310 2076 3349 tradi*

1121 3362 1198 3399 disti
1211 3363 1292 3399 mihi
1305 3363 1504 3410 tignasquae
1514 3374 1593 3396 cum
1605 3361 1709 3397 essent
1724 3361 1854 3403 vitiosa,
1865 3362 1988 3396 domus
2000 3373 2075 3396 mea

1121 3423 1222 3459 quam
1238 3412 1300 3446 illis
1318 3410 1436 3445 sulcivi
1449 3437 1456 3451 ,
1473 3409 1527 3444 seu
1544 3408 1764 3455 contignavi-,
1791 3409 1939 3449 corruit,
1961 3415 2079 3451 eert'e‚·

1121 3460 1190 3495 hoc
1204 3459 1283 3494 casu
1297 3458 1393 3493 multi
1409 3469 1479 3492 mea
1494 3456 1643 3492 interfuit
1658 3457 1713 3489 illa
1741 3457 1831 3503 tigna
1850 3454 1947 3493 fuisse
1974 3457 2076 3492 vitio-

1120 3507 1170 3547 sa,
1191 3506 1413 3542 nihilominus
1438 3516 1507 3542 non
1533 3507 1577 3538 est
1596 3504 1693 3538 kens
1717 3505 1891 3550 praedraae
1923 3506 2082 3552 regula—,-

1119 3554 1176 3589 seu
1190 3555 1225 3590 d.
1245 3556 1268 3589 l.
1287 3556 1402 3594 unicae,
1419 3552 1497 3600 quia
1516 3563 1594 3586 cum
1622 3561 1658 3586 tu
1686 3563 1753 3588 non
1778 3551 2010 3588 asseveraveris
2032 3551 2082 3585 esa

1119 3602 1153 3639 se
1176 3602 1298 3647 idonea
1317 3600 1365 3636 ad·
1389 3601 1529 3637 domum
1562 3598 1791 3681 fulcliendarn‘,
1825 3612 1888 3636 nec
1918 3607 2084 3647 tanquan}

1660 3658 1682 3693 p
1732 3658 1756 3688 4
1999 3646 2080 3681 talia

2112 3072 2164 3115 74*
