2400 3939
6 2077 155 2126 ,⁶9.

795 153 844 216 §.
894 149 980 203 ΙΙ.
1033 145 1213 206 Gloff.
1260 149 1411 208 VII.

126 231 176 267 vis
194 233 331 273 debitor
358 237 389 272 iii
412 236 573 283 scriptura
600 236 634 270 se
663 236 866 282 obligaverit
890 237 1080 271 soluturum

127 282 326 333 cuicunque
353 285 621 333 przrsenraturo,
648 283 770 330 Rebuff.
796 285 894 319 irati.
914 285 956 317 de
978 286 1080 320 litter.

126 330 262 380 obligat.
285 345 347 369 art.
373 333 500 381 i.gloff.
517 344 551 376 9.
566 345 596 367 n.
617 346 670 379 33.
690 334 723 369 (5
744 345 797 376 34.
815 343 889 366 tom,
906 333 1007 378 i.fol.
1025 345 1082 378 73.

178 381 363 428 Quicquid
379 383 474 416 aliter
491 379 608 416 sentiat
637 380 766 414 Ῐνῖαῐιῖο.
789 381 893 416 Colcr.
917 381 1016 415 12:45.
1044 381 1085 414 d'e

123 429 251 476 processi
267 441 391 466 execat.
405 440 494 477 part.
513 442 543 462 2.
563 444 589 463 c.
607 429 710 476 2.s11b
727 441 758 462 n.
778 442 835 475 74.
860 427 940 461 (lum
955 427 1056 463 sentit
1074 454 1083 469 ‚

127 487 202 508 euni
221 476 280 523 qui
297 478 398 513 habet
415 477 611 523 scripturam
632 486 734 523 penes
754 475 786 510 se
798 503 806 516 ,
832 486 934 522 agere
949 477 1085 511 nomine

129 534 279 571 proprio.

24 571 26 591 ἴ
69 567 112 613 67
177 569 303 607 Limita
327 572 451 613 tertio,
478 572 646 607 veniendo
662 571 705 606 ad
724 571 835 607 casum
851 573 999 608 materiae
1024 585 1082 607 no-

68 622 72 626 '
126 618 203 654 strae
216 647 226 662 ,
254 633 292 658 ut
310 633 376 655 nnn
391 621 556 669 procedat
572 622 602 656 in
621 620 757 667 adjeflo
775 619 934 656 solutioni
952 621 1081 657 littera-

125 678 196 702 rum
219 668 360 704 cambii:
387 669 467 717 quia
484 669 660 705 ii'debitor
684 670 815 705 mandat
833 669 934 704 alicui
949 668 1082 704 absolu-

124 725 179 758 te,
206 728 245 753 nt
260 717 367 752 solvat
384 718 557 753 nominato
576 716 744 763 expressim
766 717 797 752 in
813 717 933 753 litteris
943 717 1079 760 cambii,

123 764 157 798 ὅ(
174 774 242 800 non
257 766 363 802 solvat
379 791 388 805 ,
407 767 517 810 potest
535 765 726 801 nominatus
740 766 771 800 in
789 765 906 801 litteris
922 794 931 808 ,
943 778 1011 801 non
1025 765 1080 800 so·

122 811 192 846 lum
209 813 383 859 protestari
398 814 538 856 litteras,
556 813 726 861 utdixisu
750 826 788 848 ra
800 814 1082 860 n.50.verfic.con-

114 857 274 903 firmatur
287 888 295 902 ,
323 860 378 897 sed
397 873 528 898 tenetur
545 873 599 896 eas
613 825 790 908 proiessari
806 862 890 897 intra
909 876 966 909 30.
988 861 1078 903 dies,

121 917 159 954 ut
173 907 414 958 dixisupragl.
433 923 463 956 5.
479 923 564 944 num.
581 911 658 955 318.
670 910 702 944 in
721 912 881 957 2.extens2
900 912 978 951 imo,
998 922 1078 956 pro-

122 956 249 992 testatis
265 957 388 999 literis,
407 958 535 1004 poterit
555 957 697 998 deinde,
724 958 885 993 absolutis
899 958 1076 1000 nundinis,

119 1005 306 1040 convenire
322 1005 510 1041 debitorem
525 1019 555 1040 in
575 1006 652 1040 foro
670 1005 848 1045 debitoris.
867 1008 900 1042 ὃ(
916 1008 957 1041 ab
971 1018 1013 1042 eo
1027 1006 1075 1040 in-

119 1051 195 1087 vito
221 1053 379 1102 exigere,
406 1054 486 1103 quia
511 1068 577 1101 ripn
596 1054 739 1089 habetur
756 1066 819 1099 pro
832 1054 968 1105 adjeslo
985 1081 994 1094 ,
1019 1054 1076 1090 sed

118 1112 182 1148 pro
204 1102 381 1149 principali
398 1101 587 1143 creditore,
614 1114 671 1137 aut
694 1101 805 1137 saltem
832 1115 894 1150 pro
918 1102 1073 1150 legitimo

117 1160 344 1196 procuratore
358 1151 400 1184 ad
418 1150 620 1198 exigendum
632 1176 640 1191 ,
666 1149 823 1197 hancque
841 1151 1074 1187 limitationem

119 1197 233 1232 multis
249 1200 430 1244 probamus
447 1199 664 1244 argumentis.

169 1245 302 1286 Primo,
332 1247 413 1294 quia
439 1248 496 1280 eiii
524 1259 563 1281 ex
593 1245 736 1281 formula
757 1247 939 1282 litterarum
951 1248 1073 1283 cambii

117 1293 204 1328 milla
221 1306 379 1341 appareat
397 1294 564 1341 promissio
577 1323 584 1334 ,
611 1294 666 1328 seu
684 1296 863 1342 obligatio,
883 1296 925 1330 de
942 1296 1073 1331 solven-

115 1341 162 1377 do
185 1341 251 1383 illi,
276 1343 336 1390 qui
364 1343 410 1377 est
426 1343 600 1389 appositus
631 1343 806 1384 solutioni,
834 1356 941 1378 tamen
959 1344 1072 1380 subin·

95 1405 98 1408 *
115 1389 282 1437 telligitur
298 1419 307 1431 ,
333 1391 429 1439 quod
450 1392 526 1425 haee
544 1390 712 1438 prornislio
735 1391 834 1427 fuerit
848 1391 930 1426 fasta
953 1405 1070 1427 nume-

114 1439 199 1473 ranti
214 1439 395 1485 pecuniaS,
420 1441 496 1475 Bal.
516 1439 550 1473 d.
566 1438 668 1478 consil.
689 1452 765 1484 349.
783 1441 842 1484 sub
857 1455 888 1476 n.
906 1443 938 1475 6.
953 1442 1016 1481 ibi,
1033 1441 1068 1478 (φ’

113 1497 190 1521 nota
204 1487 290 1534 quod
304 1490 339 1533 i‘iz
359 1487 421 1522 hac
433 1516 441 1529 ,
471 1488 551 1534 quia
568 1487 601 1520 in
619 1487 725 1522 dubio
742 1489 920 1535 negotium
943 1489 1068 1535 praesu-

113 1534 216 1570 mitur
237 1536 403 1581 pertinere
420 1535 648 1582 principaliter
666 1536 707 1570 ad
726 1548 803 1570 euni
830 1537 892 1584 qui
921 1547 1068 1572 numerat

112 1583 288 1628 pecuniam
303 1611 312 1624 ,
334 1585 411 1631 quia
428 1583 640 1630 przesumitur
658 1586 801 1630 pecunia
821 1584 894 1626 sua,
911 1586 944 1620 ὅ(
963 1597 1067 1632 appo—

112 1630 193 1666 situs
212 1630 396 1671 solutioni,
427 1632 560 1668 videtur
577 1632 728 1680 adjeRus
753 1645 910 1680 tanquam
934 1633 1068 1680 simplex

113 1690 337 1725 procurator,
361 1680 536 1727 Bald.sub
548 1681 619 1714 eod.
633 1693 664 1715 n.
678 1683 708 1714 6.
723 1681 778 1719 ibi,
795 1685 826 1714 in
838 1681 936 1715 dubio
946 1692 1066 1723 autem,

103 1730 187 1763 Rot.
207 1728 345 1763 Gemieii.
360 1729 430 1763 dec.
448 1730 740 1772 10.Hrer0n)*mus‚
752 1729 884 1770 fulmo.
897 1732 930 1762 in
941 1730 1068 1764 ultimis

114 1775 228 1810 verbis
241 1802 250 1817 ,
271 1777 515 1825 vcijfisecundo
535 1776 664 1811 dicebar
684 1778 717 1812 (ἃ
730 1790 760 1811 n.
779 1790 810 1824 7,
825 1779 856 1811 ὅ(
874 1777 1020 1826 quisque
1033 1776 1066 1811 in

113 1822 223 1860 dubio
240 1825 455 1870 praesuniitur
468 1824 672 1859 contrahere
699 1838 833 1860 nomine
854 1827 1009 1872 proprio,
1039 1826 1063 1863 l.

109 1883 145 1913 4.
169 1872 203 1909 ᾤ’
220 1876 325 1922 magis
339 1900 348 1914 ,
364 1875 405 1920 ff.
423 1874 464 1907 de
473 1874 574 1920 stilai.
595 1885 666 1906 nam
686 1873 707 1906 si
721 1885 760 1910 ex
777 1874 842 1908 istis
859 1874 980 1909 litteris
998 1886 1066 1908 non

113 1919 287 1955 resultaret
306 1922 501 1957 commatis
524 1933 601 1955 cum
623 1921 850 1968 promiffione,
879 1925 912 1958 δε
937 1922 1068 1966 obliga-

113 1967 230 2010 tione,
267 1970 436 2021 accipiens
457 1969 589 2004 cambio
615 1980 683 2004 non
710 1969 820 2017 posset
847 1970 999 2018 restringi
1023 1970 1065 2006 ad

116 2015 331 2053 solutionem.

164 2065 349 2108 Secundo,
366 2066 447 2114 quia
464 2067 486 2101 si
504 2065 582 2114 quis
600 2066 644 2100 de
656 2066 790 2103 alterius
810 2066 968 2102 mandato
989 2078 1065 2114 pro-

113 2126 224 2150 inittat
238 2114 368 2150 solvere
391 2115 508 2154 Titio,
522 2115 557 2149 <Sc
575 2115 690 2150 Titius
707 2127 864 2162 acceptet
880 2112 1066 2161 promissio-

110 2172 201 2203 nem,
215 2163 254 2204 is,
274 2162 334 2210 qui
349 2164 495 2209 promifit
507 2163 645 2203 solvere,
664 2175 811 2199 remanet
825 2162 1065 2211 obligatusTi-

111 2210 183 2254 ti03
201 2212 234 2246 ὃ(
251 2211 292 2245 sic
310 2210 626 2258 interaccipieritem
644 2211 796 2251 cambio,
820 2211 881 2259 qui
903 2211 948 2246 est
965 2211 1063 2246 debi-

111 2268 167 2293 tor
181 2261 217 2294 δε
236 2259 391 2300 dantem,
410 2261 468 2307 qui
485 2262 530 2294 eil
555 2259 705 2294 creditor
722 2271 764 2293 eo
779 2259 852 2306 ipso
866 2287 874 2298 ,
899 2260 997 2307 quod
1011 2260 1064 2294 illa

110 2308 209 2342 tertia
235 2307 373 2354 persona
397 2318 556 2355 acceptat
583 2307 828 2355 promissionem
856 2307 1037 2343 solutionis
1054 2335 1063 2349 ,

110 2354 238 2390 dicitur
253 2355 336 2390 {aaa
356 2357 516 2397 novatio,
537 2357 570 2392 δι
590 2355 636 2390 illi
650 2355 760 2390 tertiae
777 2356 929 2403 personae
943 2355 1061 2404 acqui-

109 2403 167 2439 sita
182 2403 271 2439 afflio
286 2432 295 2446 ,
317 2416 354 2439 ut
370 2405 401 2439 in
416 2405 485 2439 aliis
503 2404 648 2440 terminis
663 2403 835 2440 consuluit
855 2407 961 2452 Pariſs
978 2407 1061 2452 cons.

116 2464 190 2497 ¹07.
209 2455 360 2500 quaeritur
373 2466 403 2486 ii.
417 2466 470 2488 20.
491 2454 627 2501 (ἔγρῃ.
644 2453 741 2500 usque
755 2453 804 2486 ad
815 2465 845 2487 n.
863 2453 915 2487 28.
934 2453 1062 2499 int-lust·-

107 2512 162 2541 ve,
179 2501 238 2535 lib.
256 2513 285 2544 3.
301 2512 404 2548 quem
420 2502 518 2536 retuli
532 2502 695 2550 fitp.gl.5.
709 2512 824 2548 n.245.
836 2500 1017 2544 confirmat.
1033 2514 1060 2537 1.

111 2547 147 2583 [45
163 2550 281 2583 n.28³.
295 2549 412 2591 insint.

52 2617 95 2651 70
160 2596 307 2637 Tertio,
331 2597 411 2646 quia
429 2597 461 2632 in
484 2596 623 2633 cambiis
637 2625 647 2639 ,
672 2609 756 2646 quae
777 2609 905 2633 vocant
920 2609 959 2631 ex
975 2598 1061 2634 redi-

109 2656 145 2681 tu
174 2645 415 2686 nundinarum,
443 2657 481 2681 ut
504 2645 682 2692 plurimum
700 2646 740 2683 ii.
763 2646 1061 2693 quibusnomina-

106 2692 165 2729 tim
190 2693 222 2728 iii
239 2693 342 2730 literis
361 2693 483 2729 cambii
506 2693 577 2729 sieri
594 2695 695 2731 debet
719 2693 864 2735 solutio,
896 2694 972 2730 sunt
990 2695 1060 2730 veri

104 2741 233 2777 domini
263 2742 481 2789 pecuniarum
500 2745 534 2779 oc
560 2743 705 2786 cambii3
732 2754 837 2791 quare
865 2743 947 2777 dans
975 2754 1058 2777 tune

105 2790 255 2831 cambio,
279 2790 324 2826 est
343 2791 476 2837 simplex
499 2791 662 2833 minister,
685 2793 719 2827 ἀ
734 2790 885 2838 adjeftus
899 2790 1061 2827 solutioni

104 2837 150 2880 est
164 2837 339 2874 dominus:
369 2839 403 2875 ὃς
420 2839 564 2887 proinde
585 2852 652 2875 non
673 2851 808 2880 nitrum,
838 2838 861 2872 si
887 2839 1060 2887 appositus

104 2885 204 2933 poffit
223 2899 325 2934 agere
343 2887 410 2923 fine
425 2888 487 2923 alia
511 2887 676 2929 cessione,
696 2885 738 2924 ’ὃς
759 2887 824 2922 sine
839 2887 905 2922 alio
926 2887 1060 2922 manda-

106 2946 145 2970 to
165 2935 206 2969 ad
227 2935 452 2984 exigendum:
487 2936 533 2971 iia
553 2948 592 2972 ut
614 2935 674 2985 qui
692 2936 752 2971 dat
773 2935 926 2975 cambio,
961 2935 1059 2983 poffit

105 2982 254 3029 stipulari
270 2994 429 3030 tanquam
443 2995 646 3031 procurator
660 2995 720 3032 pto
745 2983 886 3019 domino
901 2983 1036 3019 absente
1048 3011 1058 3025 ,

106 3032 160 3065 vel
172 3028 286 3066 saliem
309 3031 482 3068 subsecuta
503 3032 687 3068 litterarum
703 3030 948 3070 transmissione,
969 3043 1058 3078 pra:—

105 3079 253 3115 sumatur
269 3079 366 3114 saflae
389 3079 509 3121 ceffio.
542 3092 619 3116 cum
643 3079 729 3115 inter
757 3090 961 3115 mercatores
981 3092 1059 3128 pro-

106 3127 248 3164 cedatur
269 3140 308 3163 ex
324 3129 417 3163 bono
429 3155 437 3170 ,
460 3131 493 3163 ὅ(
509 3141 616 3177 aequo
636 3127 781 3174 inspeeta
807 3127 877 3164 sola
893 3129 1060 3175 aequitate

104 3176 259 3213 naturali.

73 3257 85 3278 ¹
155 3224 306 3266 Quarto,
325 3224 405 3273 quia
420 3225 572 3274 adjeftus
592 3223 756 3261 solutioni
767 3224 952 3260 litterarum
971 3234 1061 3259 cam-

45 3255 67 3295 1
105 3273 153 3308 bii
179 3285 222 3307 eo
247 3273 378 3314 animo,
407 3285 444 3309 ut
470 3273 514 3308 illi
542 3274 618 3320 jure
643 3272 783 3322 doiiiinii
813 3271 850 3306 fit
867 3271 1032 3307 donatum
1048 3299 1060 3314 ,

101 3321 158 3357 seu
175 3320 321 3364 cessum,
343 3322 394 3357 vel
410 3322 477 3357 alio
491 3322 642 3363 nomine,
655 3323 688 3356 <Sc
705 3321 806 3357 titulo
818 3319 849 3354 in
865 3332 941 3355 eum
957 3330 1060 3356 trans-

100 3370 206 3406 latum
219 3372 275 3417 jus
287 3398 297 3411 ,
327 3372 361 3406 &
377 3369 464 3408 affin
483 3370 620 3410 cambii,
646 3369 756 3416 potest
773 3380 874 3415 agere
896 3380 939 3402 eo
957 3371 1033 3417 jure
1047 3395 1056 3410 ‚

101 3429 174 3465 quo
189 3419 264 3464 juta
275 3418 395 3454 cambii
408 3417 482 3454 sunt
498 3418 532 3452 in
547 3429 622 3452 euni
640 3417 807 3457 translata,
821 3416 949 3451 sirach.
958 3417 1056 3452 trafl.

58 1258 103 1293 68

101 3465 145 3500 de
159 3467 279 3511 adjeci.
293 3479 384 3516 part.
399 3479 434 3509 4.
450 3482 480 3516 q.
494 3468 526 3502 8.
536 3478 567 3501 n.
582 3480 617 3500 2.
631 3475 661 3510 5.
673 3465 808 3514 &seqq.
826 3477 902 3502 tom.
914 3466 947 3500 6.
961 3475 1054 3512 part.
1109 3476 1132 3509 p

107 3527 136 3549 1.
171 3516 213 3549 ol.
253 3529 309 3551 00.

153 3515 252 3609 iirgg
270 3574 349 3598 cum
368 3576 409 3598 ex
425 3563 529 3598 literis
544 3561 666 3597 cambii
687 3560 840 3596 nascatur
857 3559 1026 3607 obligatio
1044 3587 1054 3603 ,

45 3595 87 3630 7²
103 3622 262 3658 tanquam
282 3624 322 3646 ex
342 3609 567 3659 promissione,
588 3620 627 3643 ut
643 3609 712 3644 dixi
724 3612 758 3642 in
767 3612 874 3657 primo
889 3620 1055 3656 argumen-

97 3671 130 3694 to
144 3686 154 3702 ,
179 3659 215 3694 ὃς
241 3659 302 3694 isse
317 3659 514 3696 contraftns
539 3656 661 3694 cambii
678 3657 801 3693 habeat
819 3668 1053 3704 naturamno-

1132 237 1299 278 vationis‚
1325 249 1363 272 ut
1389 236 1458 270 dixi
1481 236 1696 283 insecundo,
1726 238 1759 271 &
1784 235 1968 285 aliquando
1992 251 2104 287 nego,
2124 279 2126 281 r

1132 285 1214 319 tium
1229 285 1374 332 speflet,
1404 284 1446 318 ad
1462 296 1537 318 eum
1552 310 1562 325 ,
1581 283 1640 331 qni
1660 285 1705 319 ess
1721 286 1896 331 app-ofitus
1912 285 2100 331 solutioni,

1135 343 1171 367 ut
1198 333 1265 368 dixi
1289 335 1322 368 in
1344 336 1468 373 tertio,
1501 334 1535 367 <Sc
1555 330 1694 366 sufficiat
1715 343 1846 366 animus
1867 335 2016 381 gerentis
2041 346 2101 369 iie-

1135 381 1271 426 gotium
1301 381 1421 416 cambii
1445 380 1487 414 ad
1517 379 1783 415 transferendum
1816 381 1890 426 jura
1918 383 2038 417 cambii
2063 383 2097 426 in

1138 440 1234 469 eum,
1261 431 1320 477 qui
1345 429 1392 463 est
1416 429 1589 474 appositus
1609 426 1641 460 in
1659 427 1781 471 litteris
1806 429 1924 462 cambii
1944 456 1952 471 ,
1966 442 2004 464 ut
2026 430 2097 465 dixi

1136 476 1168 510 in
1197 488 1350 524 quart03
1377 476 1520 525 juridica
1537 474 1674 510 videtur
1697 475 1774 510 liaec
1792 477 1888 510 tertia
1911 477 2067 513 limitatio
2083 505 2094 519 ,

1138 536 1176 559 ut
1195 526 1368 572 appositus
1385 524 1544 560 solutioni
1562 523 1746 559 litterarum
1760 551 1770 566 ,
1787 523 1888 571 poslit
1903 536 2042 572 petere,
2060 527 2095 562 δε

1136 585 1250 620 agere.

1186 620 1397 666 Comi-ariam
1414 620 1631 666 opinionem,
1661 621 1679 666 (
1696 631 1835 667 nempe,
1866 620 1966 669 quod
1988 632 2092 669 appo·
2111 625 2152 661 73

1135 669 1216 703 finis
1229 670 1260 704 in
1280 669 1643 704 solutionelitterarum
1667 667 1787 702 cambii
1812 680 1880 703 non
1897 669 1995 715 possit
2009 681 2089 715 age-

1133 729 1169 751 re
1190 720 1207 763 )
1232 727 1324 752 tenet
1351 718 1422 751 Rot.
1437 717 1577 751 Genuen.
1602 716 1675 750 dec.
1693 727 1744 750 io.
1770 718 1990 763 silerenymus
2003 743 2013 758 ,
2031 713 2091 759 sub

1133 778 1219 806 num.
1242 778 1273 812 7.
1296 763 1356 800 ubi
1373 764 1480 799 relato
1504 764 1603 804 casu,
1632 763 1730 811 quod
1751 763 2020 813 Hieronymus(
2038 764 2090 809 uti

1133 812 1346 848 ceffionarius
1369 812 1567 854 oetaviani,
1590 811 1647 846 cui
1663 823 1722 858 per
1741 811 1868 849 litteras
1884 813 2003 847 cambii
2019 823 2089 852 erat

1132 860 1292 898 solvenda
1311 859 1439 897 remissa
1459 859 1678 907 pecuniarum
1693 886 1703 900 ‚
1730 871 1816 908 quas
1835 861 2004 897 Nicolaus
2026 861 2088 902 de-⁴

1132 909 1227 944 derat
1249 910 1382 944 cambio
1407 907 1588 954 Francisco
1609 909 1627 953 )
1650 907 1774 954 agebat
1798 909 1978 945 executive
2003 921 2088 945 con-

1130 967 1178 992 tra
1199 957 1327 993 dietum
1347 956 1583 997 Francistum,
1607 955 1719 999 tenuit
1732 981 1753 997 ‚,
1771 955 2002 1003 denegandam
2022 957 2088 994 effe

1129 1005 1163 1047 ei
1182 1006 1441 1046 executionem,
1471 1016 1545 1041 tuin
1564 1003 1645 1054 quia
1659 1003 1727 1039 n'on
1750 1003 1923 1039 constabat
1950 1005 1994 1040 de
2014 1005 2086 1042 ces-

1127 1053 1221 1089 sione
1252 1053 1364 1089 saltem
1394 1052 1529 1094 valida,
1568 1053 1671 1098 cujus
1699 1051 1820 1100 vigore
1847 1052 2085 1102 Hieronymus

1124 1103 1272 1149 agebat,
1303 1114 1374 1137 tum
1397 1102 1479 1149 quia
1500 1103 1585 1138 sicut
1605 1099 1816 1136 octavianus
1838 1099 1908 1148 ipse
1933 1113 2003 1138 non
2022 1114 2084 1149 po-

1124 1149 1236 1187 tuisset
1258 1162 1360 1198 agere
1374 1177 1383 1192 ,
1414 1161 1454 1184 ex
1466 1162 1539 1200 quo
1556 1158 1626 1184 erat
1651 1148 1842 1197 simpliciter
1857 1149 2010 1194 adjestus
2027 1149 2082 1188 so-

1124 1198 1248 1234 lutioni
1268 1225 1278 1240 ,
1313 1209 1391 1232 cuin
1406 1196 1564 1245 pecuniae
1585 1197 1676 1233 datae
1693 1196 1827 1234 cambio
1841 1224 1850 1238 ,
1873 1197 2004 1245 ipsique
2019 1197 2082 1233 sol-

1125 1248 1247 1283 venda:
1262 1273 1271 1288 ,
1301 1245 1485 1293 speffiharent
1510 1245 1552 1281 ad
1578 1245 1787 1285 Nicolaum,
1818 1245 1864 1280 ita
1888 1248 1997 1281 multo
2018 1245 2081 1283 ini·-

1123 1305 1186 1329 nus
1207 1295 1318 1343 potest
1341 1306 1442 1341 agere
1464 1293 1702 1341 Hieronymus
1733 1292 1808 1337 ejus
1832 1292 2051 1330 ceffionarius,
2067 1308 2086 1337 ,·

1122 1343 1204 1390 quia
1223 1356 1320 1378 nemo
1340 1342 1448 1389 petest
1473 1341 1506 1378 iri
1528 1341 1630 1378 alium
1661 1338 1836 1376 transferre
1864 1342 1938 1389 plus
1966 1343 2076 1390 Juris,

1121 1401 1222 1438 quam
1239 1390 1306 1439 ipse
1319 1391 1453 1426 habeat.
1839 1424 1842 1428 ,

1155 1439 1410 1487 Comprobatur
1427 1439 1504 1474 liaec
1517 1437 1686 1474 contraria
1704 1437 1835 1485 opini0;
1850 1437 1932 1485 quia
1948 1436 1980 1471 in
1995 1437 2077 1473 effe-

1122 1487 1175 1521 Ctu
1193 1487 1386 1522 contianus
1405 1487 1526 1522 cambii
1542 1486 1587 1521 est
1613 1485 1716 1521 initus
1741 1498 1818 1521 cum
1834 1497 1897 1527 eo,
1928 1485 1990 1533 qui
2016 1498 2078 1523 nu÷

1118 1537 1258 1570 metavit
1276 1536 1451 1582 pecuniam
1463 1563 1471 1576 ,
1494 1536 1528 1569 ὃς
1548 1535 1592 1576 is,
1611 1534 1667 1569 cui
1686 1532 1841 1569 facienda
1860 1533 1907 1568 est
1921 1533 2048 1570 solutio
2064 1561 2075 1578 ,

1118 1595 1334 1623 remanet‚uti
1359 1584 1493 1630 simplex
1507 1582 1680 1629 adjetffms,
1705 1583 1766 1632 qui
1781 1594 1849 1617 non
1866 1582 1980 1628 potest
1995 1595 2076 1629 age-

1118 1643 1154 1666 re
1170 1659 1179 1672 ,
1202 1643 1262 1679 per
1275 1644 1334 1672 ea,
1354 1643 1435 1679 quae
1457 1632 1525 1667 late
1542 1629 1655 1678 scripsi
1673 1631 1775 1680 fiipra
1796 1643 1827 1665 n.
1841 1642 1897 1675 39.
1925 1633 1961 1664 in
1980 1634 2077 1666 tenio

1120 1682 1276 1717 articulo.
1822 1720 1825 1722 ¹

1168 1727 1268 1771 Quid
1293 1728 1474 1763 dicendum
1489 1726 1523 1761 in
1537 1726 1600 1761 hac
1617 1726 1849 1761 controversia
1862 1752 1874 1767 ,
1896 1737 1974 1761 cum
1996 1726 2074 1763 arti·
2093 1740 2137 1778 74

1119 1777 1217 1811 culus
1233 1777 1268 1811 iit
1288 1777 1432 1812 difficilis
1445 1803 1454 1816 ‚
1489 1777 1523 1810 δε
1540 1773 1726 1816 obscurus,
1748 1774 1918 1822 tum-quia
1933 1775 2011 1810 haec
2029 1775 2072 1809 li·

1118 1824 1251 1860 miiatio
1275 1837 1388 1871 aperte
1409 1834 1540 1872 pugnat
1564 1833 1643 1861 cum
1667 1821 1908 1863 conclusione,
1943 1823 2073 1858 firmata

1117 1871 1152 1907 d.
1171 1886 1201 1908 n.
1219 1885 1273 1918 39.
1291 1884 1362 1907 turn
1381 1873 1459 1920 quia
1474 1872 1578 1907 Bald.
1594 1870 1630 1905 d.
1643 1873 1729 1920 cons.
1750 1870 1910 1916 348·fiv‚e
1925 1871 2072 1918 349.ficb

1116 1933 1146 1954 n.
1164 1924 1194 1955 6.
1221 1921 1332 1962 versic.
1357 1922 1501 1968 amplius
1523 1921 1661 1961 litterae,
1699 1918 1842 1954 trafkans
1863 1918 2006 1954 obscure
2027 1919 2091 1954 de.

1116 1969 1186 2003 hoc
1205 1969 1350 2011 articulo
1361 1996 1370 2010 ,
1386 1973 1419 2003 in
1433 1969 1466 2010 ft.
1489 1968 1523 2001 d.
1538 1980 1568 2002 n.
1588 1969 1620 2001 6.
1635 1967 1815 2002 concludit
1828 1966 1863 2001 in
1878 1967 1928 2001 his
1944 1969 2072 2003 verbis:
2087 1992 2089 1994 -

1115 2019 1228 2058 volve,
1241 2020 1275 2053 (θ’
1294 2018 1430 2051 revolve
1443 2015 1600 2064 praedific‘i
1615 2019 1647 2049 in
1659 2015 1791 2050 cerebro
1805 2025 1876 2056 tuo,
1889 2016 1923 2051 (³2⁴
1940 2016 2069 2050 sirach.

1115 2065 1263 2099 tracffle
1275 2066 1394 2108 adjeci.
1411 2076 1501 2112 part.
1515 2075 1549 2106 4.
1560 2064 1629 2110 post
1641 2075 1671 2111 q.
1685 2073 1734 2110 15.
1753 2062 1866 2110 versic.
1885 2063 1976 2110 apud
1993 2075 2069 2098 tom.

1117 2115 1249 2160 6.part.
1268 2114 1370 2161 i.fol.
1381 2125 1462 2158 403.
1478 2111 1593 2148 transit
1611 2123 1687 2152 curn
1707 2111 1848 2158 simplici
1863 2109 1997 2146 formali
2021 2124 2072 2151 re-

1113 2162 1241 2196 latione
1261 2162 1366 2208 liujus
1391 2160 1518 2195 consilii
1533 2155 1632 2194 Baldi
1645 2185 1655 2200 ,
1675 2158 1852 2194 afferendo
1875 2159 1974 2207 quod
1994 2161 2072 2201 haec

1115 2209 1250 2243 materia
1274 2221 1390 2257 egeret
1411 2208 1660 2256 disputatione,
1689 2208 1746 2242 sed
1760 2217 1900 2254 propter
1918 2218 2072 2255 occupa-

1117 2258 1226 2293 tiones
1248 2257 1280 2291 se
1301 2257 1459 2297 excusat,
1485 2252 1521 2290 &¹
1542 2256 1701 2304 quaedam
1722 2253 1811 2292 ,citat
1835 2255 1929 2295 loca,
1952 2255 2070 2303 aliquo

1116 2307 1219 2342 modo
1235 2307 1275 2340 ad
1294 2319 1357 2340 rem
1372 2306 1528 2340 facientia
1539 2331 1550 2346 ,
1572 2316 1656 2352 quae
1669 2316 1746 2338 meo
1763 2303 1897 2350 judicio
1913 2315 1982 2339 non
1994 2303 2086 2340 sunt*

1114 2353 1185 2389 hoc
1205 2355 1236 2388 in
1257 2354 1383 2401 punsto
1404 2352 1601 2400 allegabilia'.

1162 2403 1243 2449 Ego
1262 2416 1327 2437 non
1356 2403 1548 2436 recederem
1570 2401 1612 2435 ab
1630 2399 1696 2436 hae
1711 2399 1878 2435 contraria
1894 2398 2068 2446 opinione,

1161 2451 1340 2497 Res'triiige
1365 2449 1474 2496 primo
1503 2449 1589 2484 hanc
1616 2448 1816 2484 contrariam
1842 2448 2037 2495 opinionem
2055 2475 2065 2490 ‚
2085 2456 2127 2492 75

1112 2508 1151 2534 ut
1166 2512 1232 2534 non
1249 2499 1423 2544 procedat,
1437 2497 1578 2545 quando
1595 2496 1748 2545 adjestus
1764 2495 1924 2531 solutioni
1941 2496 2068 2532 faceret

1112 2547 1274 2588 constare,
1291 2548 1388 2596 quod
1402 2546 1570 2581 cambium
1584 2544 1708 2591 spe&at
1723 2544 1766 2579 ad
1779 2543 1908 2590 ipsum3
1927 2556 2032 2592 quare
2044 2545 2068 2579 si

1113 2607 1180 2642 ego
1198 2596 1340 2634 civitate
1367 2598 1502 2632 Genuae
1520 2606 1579 2641 per
1604 2593 1730 2628 litteras
1752 2592 1843 2628 Petri
1861 2593 2081 2638 remitterem..

1113 2644 1173 2680 tibi
1185 2643 1217 2678 in
1227 2643 1302 2679 foro
1315 2643 1497 2678 Placentiae
1510 2642 1626 2677 sentos
1643 2654 1721 2677 100.
1731 2653 1810 2676 cum
1824 2640 1955 2682 ordine,
1971 2641 2070 2688 quod

1112 2704 1150 2728 tu
1169 2692 1302 2727 eosdem
1318 2693 1504 2728 remitteres
1516 2690 1595 2724 milii
1606 2691 1762 2725 Genuam
1776 2701 1836 2736 per
1851 2689 1981 2724 litteras
1991 2690 2075 2735 ejus,

1110 2741 1168 2776 cui
1186 2739 1336 2782 dederis,
1360 2752 1399 2776 ut
1416 2740 1447 2774 in
1467 2737 1622 2785 exemplo
1634 2738 1819 2772 litterarum
1834 2764 1844 2780 ,
1862 2749 1948 2785 quas
1965 2737 2069 2772 habes

1109 2791 1142 2836 §.
1151 2789 1288 2831 praeced.
1304 2800 1369 2836 q.5.
1385 2801 1477 2836 ⁷1·77·
1491 2787 1578 2829 ve'rfi
1593 2785 1764 2835 magnifico
1778 2814 1788 2828 ,
1808 2786 1845 2820 dc
1862 2797 1897 2821 tu
1911 2785 2066 2826 remittis,

1113 2849 1180 2883 ego
1206 2835 1336 2883 possum
1366 2849 1433 2871 non
1458 2836 1566 2871 solum
1591 2835 1610 2868 a
1629 2832 1837 2881 campsario,
1864 2833 1921 2867 cui
1945 2832 2066 2867 dedisti

1111 2885 1266 2926 cambio,
1295 2885 1444 2931 recipere
1474 2883 1697 2921 solutionem,
1725 2881 1783 2916 sed
1808 2879 1940 2928 poffum
1956 2881 2067 2925 >etiam

1111 2944 1213 2980 egere
1228 2943 1347 2968 contra
1362 2945 1439 2967 eum
1455 2931 1646 2969 executive,
1661 2940 1738 2966 cum
1751 2929 1887 2964 fecerim
1900 2928 2065 2973 constare,

1110 2981 1273 3017 cambium
1294 2980 1416 3028 speftat
1435 2980 1477 3014 ad
1500 2980 1564 3014 me.
1663 3018 1665 3022 ¹

1162 3029 1342 3075 Reslringe
1359 3027 1528 3069 secundo,
1553 3037 1593 3062 ut
1619 3038 1686 3062 non
1709 3025 1893 3072 procedat,
1923 3025 2124 3074 quando-»76

1112 3078 1138 3112 is
1153 3105 1162 3118 ,
1191 3077 1247 3112 cui
1270 3081 1317 3111 est
1340 3078 1532 3113 mandatum
1549 3086 1590 3110 ut
1610 3073 1716 3110 solvat
1731 3074 1879 3113 litteras.
1908 3085 2064 3120 accepta-

1112 3126 1161 3161 vit
1185 3125 1311 3160 litteras
1329 3127 1363 3160 ὃ(
1387 3124 1537 3172 promifit
1553 3135 1607 3158 eas
1628 3122 1757 3157 solvere
1775 3122 1819 3156 illi
1832 3148 1841 3161 ,
1869 3121 1930 3169 qui
1943 3121 1989 3156 est
2007 3133 2064 3168 ap-

1112 3174 1242 3222 pofitus
1274 3172 1460 3216 solutioni,
1496 3172 1603 3220 quive
1628 3182 1682 3206 eas
1705 3169 1949 3218 praesentavit,
1982 3170 2066 3218 quia

1110 3233 1194 3258 tunc
1218 3222 1244 3255 is
1261 3221 1388 3268 poterit
1404 3232 1514 3268 agere
1528 3230 1648 3255 contra
1665 3231 1739 3253 eum
1752 3245 1761 3259 ,
1786 3217 1846 3265 qui
1860 3218 2065 3264 acceptavit,

1110 3270 1178 3305 imo
1204 3270 1267 3304 isto
1292 3269 1367 3304 casu
1392 3269 1440 3310 is,
1473 3267 1534 3316 qui
1557 3267 1771 3314 acceptavit,
1795 3267 1829 3300 in
1855 3275 1986 3300 tantum
2013 3275 2075 3310 teg>

1109 3330 1209 3354 netur
1231 3317 1362 3352 solvere
1381 3317 1425 3352 illi
1443 3315 1579 3363 adjecto
1603 3315 1664 3364 qui
1685 3326 1740 3349 eas
1760 3312 1979 3361 praesentavit
1993 3340 2003 3354 ,
2026 3324 2067 3349 ut

1112 3366 1254 3402 domino
1274 3365 1460 3400 litterarum
1485 3365 1573 3399 reite
1594 3363 1730 3399 solvere
1745 3374 1811 3396 non
1829 3360 1928 3408 possit
1941 3387 1952 3402 ,
1987 3373 2065 3397 cum

1109 3415 1196 3450 aftio
1223 3426 1284 3460 pro
1301 3413 1359 3448 illo
1382 3413 1515 3458 cambio
1539 3411 1576 3458 sit
1597 3410 1737 3459 quaesita
1757 3409 1825 3452 illi,
1853 3409 1914 3457 qui
1939 3409 2066 3445 litteras

1135 3457 1343 3501 raesentavi't,
1364 3462 1398 3496 δι
1417 3453 1608 3505 mandatum
1624 3457 1776 3494 revocari
1789 3470 1855 3494 non
1866 3456 1975 3506 pollit,
1992 3460 2065 3493 Rot.

1110 3511 1189 3546 Gen.
1202 3510 1273 3549 dec.
1285 3522 1344 3555 93.
1362 3513 1485 3545 nomine
1506 3520 1536 3542 n.
1550 3520 1583 3554 7.
1604 3511 1636 3541 in
1652 3505 1686 3548 fi.
1699 3507 1786 3554 vers:
1801 3507 1896 3554 sexto
1909 3505 1990 3540 dum
2010 3518 2074 3548 ne-⁸

1103 3571 1229 3608 gatar,
1255 3558 1289 3595 67
1310 3571 1340 3592 n.
1366 3569 1399 3600 9.
1427 3569 1488 3603 pro
1521 3556 1582 3590 liac
1601 3553 1806 3590 rellristione
1836 3552 1938 3593 facit,
1964 3552 2062 3599 quod

1107 3606 1218 3653 scripsi
1237 3608 1343 3652 supra
1363 3618 1447 3639 imm.
1478 3607 1533 3646 69.
1552 3607 1586 3638 in
1599 3601 1744 3650 secundo
1763 3601 1911 3654 praemfflb
1926 3627 1934 3640 ,
1962 3601 1995 3635 ὃς
2018 3600 2070 3638 sic,

1106 3655 1219 3702 potest
1242 3664 1344 3700 agere
1367 3652 1502 3689 nomine
1523 3651 1662 3699 proprio
1686 3677 1695 3692 ,
1730 3651 1763 3685 ὃς
1782 3660 1828 3683 ita
1848 3647 2060 3740 praegcatur.

1967 3706 2062 3730 uaero
