<?xml version="1.0" encoding="UTF-8"?>
<!DOCTYPE html PUBLIC "-//W3C//DTD XHTML 1.0 Transitional//EN"
    "http://www.w3.org/TR/xhtml1/DTD/xhtml1-transitional.dtd">
<html xmlns="http://www.w3.org/1999/xhtml" xml:lang="en" lang="en">
 <head>
  <title>
</title>
<meta http-equiv="Content-Type" content="text/html;charset=utf-8" />
  <meta name='ocr-system' content='tesseract 3.04.00' />
  <meta name='ocr-capabilities' content='ocr_page ocr_carea ocr_par ocr_line ocrx_word'/>
</head>
<body>
  <div class='ocr_page' id='page_1' title='image "./sigismundiscacci00scac_0505.png"; bbox 0 0 2400 3939; ppageno 0'>
   <div class='ocr_carea' id='block_1_1' title="bbox 10 1506 20 2013">
    <p class='ocr_par' dir='ltr' id='par_1_1' title="bbox 10 1506 20 2013">
     <span class='ocr_line' id='line_1_1' title="bbox 10 1506 20 2013; baseline 0 0"><span class='ocrx_word' id='word_1_1' title='bbox 10 1506 20 2013; x_wconf 95' lang='lat' dir='ltr'> </span> 
     </span>
    </p>
   </div>
   <div class='ocr_carea' id='block_1_2' title="bbox 21 455 36 1304">
    <p class='ocr_par' dir='ltr' id='par_1_2' title="bbox 21 455 36 1304">
     <span class='ocr_line' id='line_1_2' title="bbox 21 455 36 1304; baseline 0 0"><span class='ocrx_word' id='word_1_2' title='bbox 21 455 36 1304; x_wconf 95' lang='lat' dir='ltr'> </span> 
     </span>
    </p>
   </div>
   <div class='ocr_carea' id='block_1_3' title="bbox 360 172 1051 244">
    <p class='ocr_par' dir='ltr' id='par_1_3' title="bbox 360 172 1051 244">
     <span class='ocr_line' id='line_1_3' title="bbox 360 172 1051 244; baseline 0.007 -12"><span class='ocrx_word' id='word_1_3' title='bbox 360 182 410 244; x_wconf 83' lang='lat'>§.</span> <span class='ocrx_word' id='word_1_4' title='bbox 444 176 554 232; x_wconf 93' lang='lat' dir='ltr'>IX.</span> <span class='ocrx_word' id='word_1_5' title='bbox 586 172 786 236; x_wconf 87' lang='lat' dir='ltr'>Const.</span> <span class='ocrx_word' id='word_1_6' title='bbox 811 176 944 237; x_wconf 80' lang='lat' dir='ltr'>Nic.</span> <span class='ocrx_word' id='word_1_7' title='bbox 971 175 1051 237; x_wconf 87' lang='lat' dir='ltr'>V.</span> 
     </span>
    </p>
   </div>
   <div class='ocr_carea' id='block_1_4' title="bbox 99 259 1028 644">
    <p class='ocr_par' dir='ltr' id='par_1_4' title="bbox 99 259 1028 538">
     <span class='ocr_line' id='line_1_4' title="bbox 99 259 1025 312; baseline 0 -12"><span class='ocrx_word' id='word_1_8' title='bbox 99 259 151 300; x_wconf 36' lang='lat' dir='ltr'>⁴“lis</span> <span class='ocrx_word' id='word_1_9' title='bbox 177 265 278 304; x_wconf 74' lang='lat' dir='ltr'>efficii</span> <span class='ocrx_word' id='word_1_10' title='bbox 301 264 390 299; x_wconf 79' lang='lat' dir='ltr'>fores</span> <span class='ocrx_word' id='word_1_11' title='bbox 412 265 535 300; x_wconf 80' lang='lat' dir='ltr'>nostrae</span> <span class='ocrx_word' id='word_1_12' title='bbox 563 264 789 312; x_wconf 79' lang='lat' dir='ltr'>providentiae</span> <span class='ocrx_word' id='word_1_13' title='bbox 809 264 940 311; x_wconf 87' lang='lat' dir='ltr'>pulsare</span> <span class='ocrx_word' id='word_1_14' title='bbox 955 277 1025 300; x_wconf 89' lang='lat' dir='ltr'>non</span> 
     </span>
     <span class='ocr_line' id='line_1_5' title="bbox 111 312 1028 359; baseline 0 -10"><span class='ocrx_word' id='word_1_15' title='bbox 111 314 230 350; x_wconf 82' lang='lat' dir='ltr'>delinit</span> <span class='ocrx_word' id='word_1_16' title='bbox 245 341 254 356; x_wconf 81' lang='grc'>,</span> <span class='ocrx_word' id='word_1_17' title='bbox 273 322 312 347; x_wconf 86' lang='lat' dir='ltr'>ut</span> <span class='ocrx_word' id='word_1_18' title='bbox 334 312 513 347; x_wconf 78' lang='lat' dir='ltr'>indemnati</span> <span class='ocrx_word' id='word_1_19' title='bbox 530 338 540 353; x_wconf 91' lang='lat'>,</span> <span class='ocrx_word' id='word_1_20' title='bbox 568 323 608 347; x_wconf 80' lang='lat' dir='ltr'>ac</span> <span class='ocrx_word' id='word_1_21' title='bbox 627 312 726 346; x_wconf 87' lang='lat' dir='ltr'>statui</span> <span class='ocrx_word' id='word_1_22' title='bbox 748 312 904 359; x_wconf 85' lang='lat' dir='ltr'>prospero</span> <span class='ocrx_word' id='word_1_23' title='bbox 921 312 1028 349; x_wconf 86' lang='lat' dir='ltr'>fidelis</span> 
     </span>
     <span class='ocr_line' id='line_1_6' title="bbox 110 358 1026 408; baseline 0 -12"><span class='ocrx_word' id='word_1_24' title='bbox 110 364 229 408; x_wconf 87' lang='lat' dir='ltr'>populi</span> <span class='ocrx_word' id='word_1_25' title='bbox 245 373 336 396; x_wconf 81' lang='lat' dir='ltr'>curae</span> <span class='ocrx_word' id='word_1_26' title='bbox 359 360 482 395; x_wconf 76' lang='lat' dir='ltr'>riossrae</span> <span class='ocrx_word' id='word_1_27' title='bbox 501 360 635 394; x_wconf 83' lang='lat' dir='ltr'>caelitus</span> <span class='ocrx_word' id='word_1_28' title='bbox 651 358 808 394; x_wconf 74' lang='lat' dir='ltr'>commisii</span> <span class='ocrx_word' id='word_1_29' title='bbox 825 387 835 400; x_wconf 89' lang='lat'>‚</span> <span class='ocrx_word' id='word_1_30' title='bbox 858 360 940 407; x_wconf 90' lang='lat' dir='ltr'>jutis</span> <span class='ocrx_word' id='word_1_31' title='bbox 954 373 1026 396; x_wconf 87' lang='lat' dir='ltr'>rno-</span> 
     </span>
     <span class='ocr_line' id='line_1_7' title="bbox 109 407 1023 455; baseline -0.001 -12"><span class='ocrx_word' id='word_1_32' title='bbox 109 410 259 444; x_wconf 86' lang='lat' dir='ltr'>derando</span> <span class='ocrx_word' id='word_1_33' title='bbox 286 408 429 453; x_wconf 78' lang='lat' dir='ltr'>rigorem</span> <span class='ocrx_word' id='word_1_34' title='bbox 448 434 457 448; x_wconf 90' lang='lat'>,</span> <span class='ocrx_word' id='word_1_35' title='bbox 477 407 675 455; x_wconf 82' lang='lat' dir='ltr'>peroptimae</span> <span class='ocrx_word' id='word_1_36' title='bbox 702 407 899 453; x_wconf 79' lang='lat' dir='ltr'>provisionis</span> <span class='ocrx_word' id='word_1_37' title='bbox 921 419 1023 443; x_wconf 85' lang='lat' dir='ltr'>reme-</span> 
     </span>
     <span class='ocr_line' id='line_1_8' title="bbox 110 455 1022 505; baseline 0.001 -15"><span class='ocrx_word' id='word_1_38' title='bbox 110 455 166 492; x_wconf 90' lang='lat' dir='ltr'>dia</span> <span class='ocrx_word' id='word_1_39' title='bbox 187 483 197 497; x_wconf 63' lang='grc' dir='ltr'><strong>ν</strong></span> <span class='ocrx_word' id='word_1_40' title='bbox 226 465 388 505; x_wconf 79' lang='lat' dir='ltr'>quantum</span> <span class='ocrx_word' id='word_1_41' title='bbox 418 467 458 490; x_wconf 87' lang='lat' dir='ltr'>ex</span> <span class='ocrx_word' id='word_1_42' title='bbox 483 457 553 491; x_wconf 90' lang='lat' dir='ltr'>alto</span> <span class='ocrx_word' id='word_1_43' title='bbox 575 456 671 492; x_wconf 80' lang='lat' dir='ltr'>nobis</span> <span class='ocrx_word' id='word_1_44' title='bbox 689 455 895 502; x_wconf 84' lang='lat' dir='ltr'>permittitur</span> <span class='ocrx_word' id='word_1_45' title='bbox 909 482 919 497; x_wconf 92' lang='lat'>,</span> <span class='ocrx_word' id='word_1_46' title='bbox 940 455 1022 492; x_wconf 76' lang='lat' dir='ltr'>salu-</span> 
     </span>
     <span class='ocr_line' id='line_1_9' title="bbox 110 503 456 538; baseline 0 0"><span class='ocrx_word' id='word_1_47' title='bbox 110 504 212 538; x_wconf 81' lang='lat' dir='ltr'>briter</span> <span class='ocrx_word' id='word_1_48' title='bbox 235 503 456 538; x_wconf 74' lang='lat' dir='ltr'>consulamus.</span> 
     </span>
    </p>

    <p class='ocr_par' dir='ltr' id='par_1_5' title="bbox 109 549 1023 644">
     <span class='ocr_line' id='line_1_10' title="bbox 157 549 1023 600; baseline 0.001 -14"><span class='ocrx_word' id='word_1_49' title='bbox 157 553 245 587; x_wconf 89' lang='lat' dir='ltr'>Sane</span> <span class='ocrx_word' id='word_1_50' title='bbox 269 578 278 592; x_wconf 86' lang='lat'><strong>‚</strong></span> <span class='ocrx_word' id='word_1_51' title='bbox 304 551 389 586; x_wconf 82' lang='lat' dir='ltr'>ficut</span> <span class='ocrx_word' id='word_1_52' title='bbox 415 551 484 586; x_wconf 85' lang='lat' dir='ltr'>fide</span> <span class='ocrx_word' id='word_1_53' title='bbox 507 552 687 600; x_wconf 84' lang='lat' dir='ltr'>dignorum</span> <span class='ocrx_word' id='word_1_54' title='bbox 713 549 874 587; x_wconf 81' lang='lat' dir='ltr'>relatione</span> <span class='ocrx_word' id='word_1_55' title='bbox 899 552 1023 587; x_wconf 82' lang='lat' dir='ltr'>didici—</span> 
     </span>
     <span class='ocr_line' id='line_1_11' title="bbox 109 598 1021 644; baseline 0 -9"><span class='ocrx_word' id='word_1_56' title='bbox 109 612 182 635; x_wconf 85' lang='lat' dir='ltr'>mus</span> <span class='ocrx_word' id='word_1_57' title='bbox 198 625 207 638; x_wconf 79' lang='lat'>,</span> <span class='ocrx_word' id='word_1_58' title='bbox 227 600 259 635; x_wconf 90' lang='lat' dir='ltr'>in</span> <span class='ocrx_word' id='word_1_59' title='bbox 276 598 399 644; x_wconf 88' lang='lat' dir='ltr'>Regno</span> <span class='ocrx_word' id='word_1_60' title='bbox 422 599 548 636; x_wconf 77' lang='lat' dir='ltr'>Siciliae</span> <span class='ocrx_word' id='word_1_61' title='bbox 561 628 571 642; x_wconf 86' lang='lat'>,</span> <span class='ocrx_word' id='word_1_62' title='bbox 587 612 627 635; x_wconf 89' lang='lat' dir='ltr'>ac</span> <span class='ocrx_word' id='word_1_63' title='bbox 647 600 747 636; x_wconf 92' lang='lat' dir='ltr'>certis</span> <span class='ocrx_word' id='word_1_64' title='bbox 767 599 837 634; x_wconf 86' lang='lat' dir='ltr'>aliis</span> <span class='ocrx_word' id='word_1_65' title='bbox 853 600 1021 642; x_wconf 84' lang='lat' dir='ltr'>dominiis,</span> 
     </span>
    </p>
   </div>
   <div class='ocr_carea' id='block_1_5' title="bbox 6 646 1023 703">
    <p class='ocr_par' dir='ltr' id='par_1_6' title="bbox 6 646 1023 703">
     <span class='ocr_line' id='line_1_12' title="bbox 6 646 1023 703; baseline 0.001 -21"><span class='ocrx_word' id='word_1_66' title='bbox 6 684 9 703; x_wconf 43' lang='grc' dir='ltr'>ἶ</span> <span class='ocrx_word' id='word_1_67' title='bbox 54 684 56 687; x_wconf 63' lang='grc'><strong>,</strong></span> <span class='ocrx_word' id='word_1_68' title='bbox 108 649 143 682; x_wconf 89' lang='lat'>&amp;</span> <span class='ocrx_word' id='word_1_69' title='bbox 174 648 267 682; x_wconf 82' lang='lat' dir='ltr'>terris</span> <span class='ocrx_word' id='word_1_70' title='bbox 299 646 471 682; x_wconf 85' lang='lat' dir='ltr'>chariffimi</span> <span class='ocrx_word' id='word_1_71' title='bbox 496 648 555 682; x_wconf 87' lang='lat' dir='ltr'>filii</span> <span class='ocrx_word' id='word_1_72' title='bbox 587 649 687 683; x_wconf 83' lang='lat' dir='ltr'>nostri</span> <span class='ocrx_word' id='word_1_73' title='bbox 717 648 857 694; x_wconf 87' lang='lat' dir='ltr'>Alponfi</span> <span class='ocrx_word' id='word_1_74' title='bbox 886 649 1023 694; x_wconf 79' lang='lat' dir='ltr'>Arago-</span> 
     </span>
    </p>
   </div>
   <div class='ocr_carea' id='block_1_6' title="bbox 99 696 1024 1555">
    <p class='ocr_par' dir='ltr' id='par_1_7' title="bbox 103 696 1024 1162">
     <span class='ocr_line' id='line_1_13' title="bbox 108 696 1021 742; baseline 0 -12"><span class='ocrx_word' id='word_1_75' title='bbox 108 707 186 730; x_wconf 90' lang='lat' dir='ltr'>num</span> <span class='ocrx_word' id='word_1_76' title='bbox 202 723 210 736; x_wconf 90' lang='lat'>‚</span> <span class='ocrx_word' id='word_1_77' title='bbox 238 697 271 730; x_wconf 88' lang='lat'>&amp;</span> <span class='ocrx_word' id='word_1_78' title='bbox 296 696 469 742; x_wconf 87' lang='lat' dir='ltr'>utriusque</span> <span class='ocrx_word' id='word_1_79' title='bbox 491 697 616 731; x_wconf 87' lang='lat' dir='ltr'>Siciliae</span> <span class='ocrx_word' id='word_1_80' title='bbox 636 696 741 742; x_wconf 86' lang='lat' dir='ltr'>Regis</span> <span class='ocrx_word' id='word_1_81' title='bbox 760 696 892 730; x_wconf 79' lang='lat' dir='ltr'>illustris</span> <span class='ocrx_word' id='word_1_82' title='bbox 913 722 923 737; x_wconf 90' lang='lat'><strong><em>‚</em></strong></span> <span class='ocrx_word' id='word_1_83' title='bbox 944 708 1021 732; x_wconf 83' lang='lat' dir='ltr'>ava-</span> 
     </span>
     <span class='ocr_line' id='line_1_14' title="bbox 107 743 1023 790; baseline 0.003 -14"><span class='ocrx_word' id='word_1_84' title='bbox 107 743 194 778; x_wconf 80' lang='lat' dir='ltr'>ritiae</span> <span class='ocrx_word' id='word_1_85' title='bbox 215 743 355 778; x_wconf 84' lang='lat' dir='ltr'>coecitas</span> <span class='ocrx_word' id='word_1_86' title='bbox 373 745 594 790; x_wconf 88' lang='lat' dir='ltr'>quorumdam</span> <span class='ocrx_word' id='word_1_87' title='bbox 618 745 739 779; x_wconf 90' lang='lat' dir='ltr'>oculos</span> <span class='ocrx_word' id='word_1_88' title='bbox 762 744 850 779; x_wconf 89' lang='lat' dir='ltr'>adeo</span> <span class='ocrx_word' id='word_1_89' title='bbox 868 755 1023 779; x_wconf 86' lang='lat' dir='ltr'>excoeca-</span> 
     </span>
     <span class='ocr_line' id='line_1_15' title="bbox 108 791 1021 838; baseline 0.002 -14"><span class='ocrx_word' id='word_1_90' title='bbox 108 791 159 826; x_wconf 89' lang='lat' dir='ltr'>vit</span> <span class='ocrx_word' id='word_1_91' title='bbox 177 817 185 832; x_wconf 93' lang='lat'>,</span> <span class='ocrx_word' id='word_1_92' title='bbox 207 791 351 825; x_wconf 86' lang='lat' dir='ltr'>usuraria</span> <span class='ocrx_word' id='word_1_93' title='bbox 377 802 445 837; x_wconf 87' lang='lat' dir='ltr'>que</span> <span class='ocrx_word' id='word_1_94' title='bbox 469 792 612 837; x_wconf 87' lang='lat' dir='ltr'>pravitas</span> <span class='ocrx_word' id='word_1_95' title='bbox 635 791 698 827; x_wconf 86' lang='lat' dir='ltr'>illis</span> <span class='ocrx_word' id='word_1_96' title='bbox 718 793 750 826; x_wconf 91' lang='lat' dir='ltr'>in</span> <span class='ocrx_word' id='word_1_97' title='bbox 772 792 921 838; x_wconf 83' lang='lat' dir='ltr'>partibus</span> <span class='ocrx_word' id='word_1_98' title='bbox 952 803 1021 827; x_wconf 89' lang='lat' dir='ltr'>tan-</span> 
     </span>
     <span class='ocr_line' id='line_1_16' title="bbox 107 839 1022 886; baseline 0 -12"><span class='ocrx_word' id='word_1_99' title='bbox 107 849 180 875; x_wconf 86' lang='lat' dir='ltr'>turn</span> <span class='ocrx_word' id='word_1_100' title='bbox 203 839 351 874; x_wconf 76' lang='lat' dir='ltr'>excrevit</span> <span class='ocrx_word' id='word_1_101' title='bbox 367 865 376 880; x_wconf 87' lang='lat'>,</span> <span class='ocrx_word' id='word_1_102' title='bbox 398 839 494 885; x_wconf 81' lang='lat' dir='ltr'>quod</span> <span class='ocrx_word' id='word_1_103' title='bbox 521 840 645 875; x_wconf 85' lang='lat' dir='ltr'>incolae</span> <span class='ocrx_word' id='word_1_104' title='bbox 660 866 670 880; x_wconf 85' lang='lat'><strong>‚</strong></span> <span class='ocrx_word' id='word_1_105' title='bbox 693 841 727 874; x_wconf 78' lang='grc' dir='ltr'>δε</span> <span class='ocrx_word' id='word_1_106' title='bbox 747 840 933 876; x_wconf 71' lang='lat' dir='ltr'>habitantes</span> <span class='ocrx_word' id='word_1_107' title='bbox 947 851 1022 886; x_wconf 88' lang='lat' dir='ltr'>par-</span> 
     </span>
     <span class='ocr_line' id='line_1_17' title="bbox 108 886 1021 934; baseline 0.002 -15"><span class='ocrx_word' id='word_1_108' title='bbox 108 886 194 922; x_wconf 89' lang='lat' dir='ltr'>tium</span> <span class='ocrx_word' id='word_1_109' title='bbox 216 886 342 921; x_wconf 89' lang='lat' dir='ltr'>illarum</span> <span class='ocrx_word' id='word_1_110' title='bbox 365 887 515 933; x_wconf 91' lang='lat' dir='ltr'>pecuniis</span> <span class='ocrx_word' id='word_1_111' title='bbox 534 888 743 934; x_wconf 80' lang='lat' dir='ltr'>indigentes,</span> <span class='ocrx_word' id='word_1_112' title='bbox 765 899 818 922; x_wconf 87' lang='lat' dir='ltr'>eas</span> <span class='ocrx_word' id='word_1_113' title='bbox 832 887 890 922; x_wconf 84' lang='lat' dir='ltr'>vix</span> <span class='ocrx_word' id='word_1_114' title='bbox 903 888 1021 930; x_wconf 86' lang='lat' dir='ltr'>aliter,</span> 
     </span>
     <span class='ocr_line' id='line_1_18' title="bbox 107 933 1021 983; baseline 0.002 -15"><span class='ocrx_word' id='word_1_115' title='bbox 107 945 208 983; x_wconf 88' lang='lat' dir='ltr'>quarn</span> <span class='ocrx_word' id='word_1_116' title='bbox 237 933 476 972; x_wconf 69' lang='lat' dir='ltr'>faeneratorum</span> <span class='ocrx_word' id='word_1_117' title='bbox 497 947 597 982; x_wconf 91' lang='lat' dir='ltr'>opera</span> <span class='ocrx_word' id='word_1_118' title='bbox 611 962 620 977; x_wconf 89' lang='lat'><strong>‚</strong></span> <span class='ocrx_word' id='word_1_119' title='bbox 639 936 728 983; x_wconf 84' lang='lat' dir='ltr'>quafi</span> <span class='ocrx_word' id='word_1_120' title='bbox 751 935 937 970; x_wconf 88' lang='lat' dir='ltr'>inauditum</span> <span class='ocrx_word' id='word_1_121' title='bbox 954 934 1021 970; x_wconf 88' lang='lat' dir='ltr'>foe·</span> 
     </span>
     <span class='ocr_line' id='line_1_19' title="bbox 105 983 1024 1030; baseline 0.002 -14"><span class='ocrx_word' id='word_1_122' title='bbox 105 993 168 1017; x_wconf 86' lang='lat' dir='ltr'>nus</span> <span class='ocrx_word' id='word_1_123' title='bbox 192 983 416 1017; x_wconf 79' lang='lat' dir='ltr'>exercentium</span> <span class='ocrx_word' id='word_1_124' title='bbox 441 984 604 1030; x_wconf 88' lang='lat' dir='ltr'>consequi</span> <span class='ocrx_word' id='word_1_125' title='bbox 627 983 781 1030; x_wconf 75' lang='lat' dir='ltr'>possent,</span> <span class='ocrx_word' id='word_1_126' title='bbox 807 985 841 1019; x_wconf 76' lang='grc' dir='ltr'>δε</span> <span class='ocrx_word' id='word_1_127' title='bbox 867 993 944 1016; x_wconf 90' lang='lat' dir='ltr'>cum</span> <span class='ocrx_word' id='word_1_128' title='bbox 969 994 1024 1018; x_wconf 87' lang='lat' dir='ltr'>eas</span> 
     </span>
     <span class='ocr_line' id='line_1_20' title="bbox 106 1030 1022 1078; baseline 0.003 -15"><span class='ocrx_word' id='word_1_129' title='bbox 106 1030 297 1076; x_wconf 83' lang='lat' dir='ltr'>acceperint</span> <span class='ocrx_word' id='word_1_130' title='bbox 309 1056 320 1072; x_wconf 86' lang='lat'>,</span> <span class='ocrx_word' id='word_1_131' title='bbox 338 1031 402 1064; x_wconf 78' lang='lat' dir='ltr'>siin</span> <span class='ocrx_word' id='word_1_132' title='bbox 417 1042 569 1078; x_wconf 89' lang='lat' dir='ltr'>ternpore</span> <span class='ocrx_word' id='word_1_133' title='bbox 588 1030 750 1077; x_wconf 69' lang='lat' dir='ltr'>praefeflo</span> <span class='ocrx_word' id='word_1_134' title='bbox 768 1043 836 1066; x_wconf 90' lang='lat' dir='ltr'>non</span> <span class='ocrx_word' id='word_1_135' title='bbox 848 1030 998 1066; x_wconf 82' lang='lat' dir='ltr'>restituat</span> <span class='ocrx_word' id='word_1_136' title='bbox 1012 1057 1022 1072; x_wconf 85' lang='lat'><em>‚</em></span> 
     </span>
     <span class='ocr_line' id='line_1_21' title="bbox 103 1077 1024 1126; baseline 0.002 -14"><span class='ocrx_word' id='word_1_137' title='bbox 103 1077 197 1112; x_wconf 87' lang='lat' dir='ltr'>brevi</span> <span class='ocrx_word' id='word_1_138' title='bbox 220 1089 337 1113; x_wconf 90' lang='lat' dir='ltr'>eorum</span> <span class='ocrx_word' id='word_1_139' title='bbox 363 1079 451 1112; x_wconf 81' lang='lat' dir='ltr'>bona</span> <span class='ocrx_word' id='word_1_140' title='bbox 475 1079 646 1114; x_wconf 80' lang='lat' dir='ltr'>insatiabili</span> <span class='ocrx_word' id='word_1_141' title='bbox 665 1078 835 1114; x_wconf 86' lang='lat' dir='ltr'>usurarum</span> <span class='ocrx_word' id='word_1_142' title='bbox 862 1079 1024 1126; x_wconf 84' lang='lat' dir='ltr'>voragine</span> 
     </span>
     <span class='ocr_line' id='line_1_22' title="bbox 104 1125 603 1162; baseline 0.004 -2"><span class='ocrx_word' id='word_1_143' title='bbox 104 1125 330 1160; x_wconf 76' lang='lat' dir='ltr'>miserabiliter</span> <span class='ocrx_word' id='word_1_144' title='bbox 357 1126 603 1162; x_wconf 78' lang='lat' dir='ltr'>consumantur.</span> 
     </span>
    </p>

    <p class='ocr_par' dir='ltr' id='par_1_8' title="bbox 99 1173 1023 1555">
     <span class='ocr_line' id='line_1_23' title="bbox 115 1173 1021 1222; baseline 0.002 -14"><span class='ocrx_word' id='word_1_145' title='bbox 115 1189 120 1194; x_wconf 84' lang='lat'><strong>·</strong></span> <span class='ocrx_word' id='word_1_146' title='bbox 153 1173 199 1208; x_wconf 86' lang='lat' dir='ltr'>Et</span> <span class='ocrx_word' id='word_1_147' title='bbox 225 1174 323 1220; x_wconf 80' lang='lat' dir='ltr'>quod</span> <span class='ocrx_word' id='word_1_148' title='bbox 350 1173 381 1207; x_wconf 89' lang='lat' dir='ltr'>in</span> <span class='ocrx_word' id='word_1_149' title='bbox 407 1175 600 1216; x_wconf 67' lang='lat' dir='ltr'>Dominus,</span> <span class='ocrx_word' id='word_1_150' title='bbox 627 1175 768 1210; x_wconf 86' lang='lat' dir='ltr'>&amp;terris</span> <span class='ocrx_word' id='word_1_151' title='bbox 792 1173 891 1219; x_wconf 82' lang='lat' dir='ltr'>ipsius</span> <span class='ocrx_word' id='word_1_152' title='bbox 915 1173 1021 1222; x_wconf 79' lang='lat' dir='ltr'>Regis</span> 
     </span>
     <span class='ocr_line' id='line_1_24' title="bbox 104 1220 1023 1268; baseline 0.004 -14"><span class='ocrx_word' id='word_1_153' title='bbox 104 1220 192 1256; x_wconf 84' lang='lat' dir='ltr'>ultra</span> <span class='ocrx_word' id='word_1_154' title='bbox 205 1220 347 1255; x_wconf 83' lang='lat' dir='ltr'>Montes</span> <span class='ocrx_word' id='word_1_155' title='bbox 361 1223 554 1258; x_wconf 75' lang='lat' dir='ltr'>constitutis</span> <span class='ocrx_word' id='word_1_156' title='bbox 572 1221 728 1257; x_wconf 81' lang='lat' dir='ltr'>videlicet</span> <span class='ocrx_word' id='word_1_157' title='bbox 744 1222 775 1257; x_wconf 91' lang='lat' dir='ltr'>in</span> <span class='ocrx_word' id='word_1_158' title='bbox 791 1221 920 1268; x_wconf 82' lang='lat' dir='ltr'>Regnis</span> <span class='ocrx_word' id='word_1_159' title='bbox 937 1224 1023 1258; x_wconf 83' lang='lat' dir='ltr'>Ara-</span> 
     </span>
     <span class='ocr_line' id='line_1_25' title="bbox 104 1268 1022 1317; baseline 0.003 -14"><span class='ocrx_word' id='word_1_160' title='bbox 104 1280 234 1314; x_wconf 81' lang='lat' dir='ltr'>gonum</span> <span class='ocrx_word' id='word_1_161' title='bbox 250 1295 259 1309; x_wconf 86' lang='lat'><strong>‚</strong></span> <span class='ocrx_word' id='word_1_162' title='bbox 282 1269 453 1304; x_wconf 80' lang='lat' dir='ltr'>Valentiae</span> <span class='ocrx_word' id='word_1_163' title='bbox 467 1297 477 1311; x_wconf 82' lang='lat'>,</span> <span class='ocrx_word' id='word_1_164' title='bbox 492 1271 525 1304; x_wconf 76' lang='grc' dir='ltr'>ἀ</span> <span class='ocrx_word' id='word_1_165' title='bbox 541 1270 783 1317; x_wconf 85' lang='lat' dir='ltr'>Majoricarum</span> <span class='ocrx_word' id='word_1_166' title='bbox 799 1296 808 1310; x_wconf 81' lang='grc'><em>,</em></span> <span class='ocrx_word' id='word_1_167' title='bbox 833 1282 872 1304; x_wconf 86' lang='lat' dir='ltr'>ac</span> <span class='ocrx_word' id='word_1_168' title='bbox 895 1268 1022 1306; x_wconf 90' lang='lat' dir='ltr'>Princi-</span> 
     </span>
     <span class='ocr_line' id='line_1_26' title="bbox 102 1317 1020 1375; baseline 0.003 -25"><span class='ocrx_word' id='word_1_169' title='bbox 102 1327 242 1375; x_wconf 62' lang='lat' dir='ltr'>patuqm</span> <span class='ocrx_word' id='word_1_170' title='bbox 267 1317 456 1352; x_wconf 83' lang='lat' dir='ltr'>Cataloniae</span> <span class='ocrx_word' id='word_1_171' title='bbox 477 1320 510 1353; x_wconf 69' lang='grc' dir='ltr'>ὅς</span> <span class='ocrx_word' id='word_1_172' title='bbox 534 1318 761 1354; x_wconf 86' lang='lat' dir='ltr'>Comitatibus</span> <span class='ocrx_word' id='word_1_173' title='bbox 787 1317 990 1353; x_wconf 82' lang='lat' dir='ltr'>Ronfilionis</span> <span class='ocrx_word' id='word_1_174' title='bbox 1009 1346 1020 1361; x_wconf 84' lang='lat'>‚</span> 
     </span>
     <span class='ocr_line' id='line_1_27' title="bbox 102 1365 1018 1411; baseline 0.004 -13"><span class='ocrx_word' id='word_1_175' title='bbox 102 1365 136 1398; x_wconf 85' lang='lat'>&amp;</span> <span class='ocrx_word' id='word_1_176' title='bbox 160 1365 342 1400; x_wconf 78' lang='lat' dir='ltr'>Ceriteniae</span> <span class='ocrx_word' id='word_1_177' title='bbox 362 1391 373 1406; x_wconf 93' lang='lat'>‚</span> <span class='ocrx_word' id='word_1_178' title='bbox 401 1366 627 1401; x_wconf 83' lang='lat' dir='ltr'>univerfitates</span> <span class='ocrx_word' id='word_1_179' title='bbox 641 1392 651 1407; x_wconf 86' lang='lat'>,</span> <span class='ocrx_word' id='word_1_180' title='bbox 671 1367 703 1400; x_wconf 72' lang='grc' dir='ltr'>δι</span> <span class='ocrx_word' id='word_1_181' title='bbox 725 1365 904 1411; x_wconf 77' lang='lat' dir='ltr'>singulares</span> <span class='ocrx_word' id='word_1_182' title='bbox 918 1393 928 1407; x_wconf 91' lang='lat'>‚</span> <span class='ocrx_word' id='word_1_183' title='bbox 953 1375 1018 1402; x_wconf 86' lang='lat' dir='ltr'>tarn</span> 
     </span>
     <span class='ocr_line' id='line_1_28' title="bbox 101 1413 1017 1460; baseline 0.003 -15"><span class='ocrx_word' id='word_1_184' title='bbox 101 1413 332 1448; x_wconf 80' lang='lat' dir='ltr'>ecclesiasticae</span> <span class='ocrx_word' id='word_1_185' title='bbox 349 1439 358 1454; x_wconf 92' lang='lat'>,</span> <span class='ocrx_word' id='word_1_186' title='bbox 384 1424 483 1459; x_wconf 87' lang='lat' dir='ltr'>quam</span> <span class='ocrx_word' id='word_1_187' title='bbox 512 1415 672 1448; x_wconf 76' lang='lat' dir='ltr'>seculares</span> <span class='ocrx_word' id='word_1_188' title='bbox 698 1413 891 1459; x_wconf 60' lang='lat' dir='ltr'>hujusmodi</span> <span class='ocrx_word' id='word_1_189' title='bbox 915 1426 1017 1460; x_wconf 87' lang='lat' dir='ltr'>pecu-</span> 
     </span>
     <span class='ocr_line' id='line_1_29' title="bbox 101 1461 1017 1507; baseline 0.003 -14"><span class='ocrx_word' id='word_1_190' title='bbox 101 1461 162 1493; x_wconf 87' lang='lat' dir='ltr'>niis</span> <span class='ocrx_word' id='word_1_191' title='bbox 178 1461 368 1507; x_wconf 79' lang='lat' dir='ltr'>indigentes</span> <span class='ocrx_word' id='word_1_192' title='bbox 394 1472 470 1495; x_wconf 89' lang='lat' dir='ltr'>cum</span> <span class='ocrx_word' id='word_1_193' title='bbox 494 1462 611 1496; x_wconf 85' lang='lat' dir='ltr'>minori</span> <span class='ocrx_word' id='word_1_194' title='bbox 639 1462 858 1496; x_wconf 85' lang='lat' dir='ltr'>incommodo</span> <span class='ocrx_word' id='word_1_195' title='bbox 886 1473 941 1496; x_wconf 83' lang='lat' dir='ltr'>eas</span> <span class='ocrx_word' id='word_1_196' title='bbox 960 1463 1017 1496; x_wconf 87' lang='lat' dir='ltr'>ha-</span> 
     </span>
     <span class='ocr_line' id='line_1_30' title="bbox 99 1508 1017 1555; baseline 0.001 -13"><span class='ocrx_word' id='word_1_197' title='bbox 99 1508 179 1542; x_wconf 88' lang='lat' dir='ltr'>bere</span> <span class='ocrx_word' id='word_1_198' title='bbox 208 1508 327 1555; x_wconf 83' lang='lat' dir='ltr'>poffint</span> <span class='ocrx_word' id='word_1_199' title='bbox 359 1521 421 1554; x_wconf 87' lang='lat' dir='ltr'>pro</span> <span class='ocrx_word' id='word_1_200' title='bbox 448 1510 643 1544; x_wconf 82' lang='lat' dir='ltr'>venditione</span> <span class='ocrx_word' id='word_1_201' title='bbox 667 1510 857 1544; x_wconf 82' lang='lat' dir='ltr'>annualium</span> <span class='ocrx_word' id='word_1_202' title='bbox 880 1509 1017 1543; x_wconf 87' lang='lat' dir='ltr'>censua-</span> 
     </span>
    </p>
   </div>
   <div class='ocr_carea' id='block_1_7' title="bbox 45 1554 1016 1604">
    <p class='ocr_par' dir='ltr' id='par_1_9' title="bbox 45 1554 1016 1604">
     <span class='ocr_line' id='line_1_31' title="bbox 45 1554 1016 1604; baseline 0.003 -16"><span class='ocrx_word' id='word_1_203' title='bbox 45 1555 47 1558; x_wconf 52' lang='lat'><em>⁴</em></span> <span class='ocrx_word' id='word_1_204' title='bbox 98 1554 178 1589; x_wconf 87' lang='lat' dir='ltr'>lium</span> <span class='ocrx_word' id='word_1_205' title='bbox 195 1582 204 1596; x_wconf 89' lang='lat'>‚</span> <span class='ocrx_word' id='word_1_206' title='bbox 220 1568 302 1603; x_wconf 68' lang='lat' dir='ltr'>qua&gt;</span> <span class='ocrx_word' id='word_1_207' title='bbox 319 1565 451 1590; x_wconf 83' lang='lat' dir='ltr'>mortua</span> <span class='ocrx_word' id='word_1_208' title='bbox 466 1569 703 1604; x_wconf 81' lang='lat' dir='ltr'>nuncupantur</span> <span class='ocrx_word' id='word_1_209' title='bbox 725 1556 821 1602; x_wconf 81' lang='lat' dir='ltr'>super</span> <span class='ocrx_word' id='word_1_210' title='bbox 840 1557 1016 1599; x_wconf 82' lang='lat' dir='ltr'>domibus,</span> 
     </span>
    </p>
   </div>
   <div class='ocr_carea' id='block_1_8' title="bbox 64 1603 1015 3712">
    <p class='ocr_par' dir='ltr' id='par_1_10' title="bbox 64 1603 1015 3712">
     <span class='ocr_line' id='line_1_32' title="bbox 95 1603 1015 1652; baseline 0.003 -16"><span class='ocrx_word' id='word_1_211' title='bbox 95 1603 350 1649; x_wconf 74' lang='lat' dir='ltr'>posseffioiiibus</span> <span class='ocrx_word' id='word_1_212' title='bbox 366 1630 376 1643; x_wconf 83' lang='lat'>,</span> <span class='ocrx_word' id='word_1_213' title='bbox 404 1606 437 1639; x_wconf 75' lang='grc' dir='ltr'>ὅ(</span> <span class='ocrx_word' id='word_1_214' title='bbox 462 1605 720 1652; x_wconf 81' lang='lat' dir='ltr'>proprietatibus</span> <span class='ocrx_word' id='word_1_215' title='bbox 738 1604 922 1650; x_wconf 81' lang='lat' dir='ltr'>specialiter</span> <span class='ocrx_word' id='word_1_216' title='bbox 936 1631 944 1644; x_wconf 88' lang='lat'><strong>‚</strong></span> <span class='ocrx_word' id='word_1_217' title='bbox 963 1607 1015 1640; x_wconf 89' lang='lat' dir='ltr'>vel</span> 
     </span>
     <span class='ocr_line' id='line_1_33' title="bbox 95 1652 1013 1699; baseline 0.004 -15"><span class='ocrx_word' id='word_1_218' title='bbox 95 1652 194 1686; x_wconf 88' lang='lat' dir='ltr'>etiam</span> <span class='ocrx_word' id='word_1_219' title='bbox 217 1653 414 1699; x_wconf 83' lang='lat' dir='ltr'>generaliter</span> <span class='ocrx_word' id='word_1_220' title='bbox 435 1653 533 1699; x_wconf 83' lang='lat' dir='ltr'>super</span> <span class='ocrx_word' id='word_1_221' title='bbox 559 1653 710 1687; x_wconf 81' lang='lat' dir='ltr'>omnibus</span> <span class='ocrx_word' id='word_1_222' title='bbox 732 1653 829 1687; x_wconf 89' lang='lat' dir='ltr'>bonis</span> <span class='ocrx_word' id='word_1_223' title='bbox 845 1679 854 1693; x_wconf 85' lang='lat'>,</span> <span class='ocrx_word' id='word_1_224' title='bbox 873 1653 1013 1688; x_wconf 86' lang='lat' dir='ltr'>redditi-</span> 
     </span>
     <span class='ocr_line' id='line_1_34' title="bbox 92 1698 1013 1747; baseline 0.002 -14"><span class='ocrx_word' id='word_1_225' title='bbox 92 1698 156 1733; x_wconf 84' lang='lat' dir='ltr'>bus</span> <span class='ocrx_word' id='word_1_226' title='bbox 169 1726 179 1740; x_wconf 87' lang='lat'>‚</span> <span class='ocrx_word' id='word_1_227' title='bbox 205 1701 436 1735; x_wconf 79' lang='lat' dir='ltr'>emolumentis</span> <span class='ocrx_word' id='word_1_228' title='bbox 451 1727 460 1741; x_wconf 78' lang='lat'>,</span> <span class='ocrx_word' id='word_1_229' title='bbox 479 1702 611 1747; x_wconf 82' lang='lat' dir='ltr'>juribus</span> <span class='ocrx_word' id='word_1_230' title='bbox 631 1702 663 1735; x_wconf 72' lang='grc' dir='ltr'>ἀ</span> <span class='ocrx_word' id='word_1_231' title='bbox 680 1700 778 1734; x_wconf 89' lang='lat' dir='ltr'>rebus</span> <span class='ocrx_word' id='word_1_232' title='bbox 793 1712 929 1742; x_wconf 87' lang='lat' dir='ltr'>eorum,</span> <span class='ocrx_word' id='word_1_233' title='bbox 949 1713 1013 1735; x_wconf 93' lang='lat' dir='ltr'>me-</span> 
     </span>
     <span class='ocr_line' id='line_1_35' title="bbox 92 1747 1012 1796; baseline 0.002 -15"><span class='ocrx_word' id='word_1_234' title='bbox 92 1747 205 1782; x_wconf 82' lang='lat' dir='ltr'>diante</span> <span class='ocrx_word' id='word_1_235' title='bbox 218 1759 324 1782; x_wconf 88' lang='lat' dir='ltr'>tamen</span> <span class='ocrx_word' id='word_1_236' title='bbox 339 1749 557 1783; x_wconf 72' lang='lat' dir='ltr'>instrumento</span> <span class='ocrx_word' id='word_1_237' title='bbox 573 1749 691 1796; x_wconf 63' lang='lat' dir='ltr'>gratia?</span> <span class='ocrx_word' id='word_1_238' title='bbox 710 1748 891 1782; x_wconf 86' lang='lat' dir='ltr'>redimendi</span> <span class='ocrx_word' id='word_1_239' title='bbox 911 1761 1012 1783; x_wconf 86' lang='lat' dir='ltr'>onera</span> 
     </span>
     <span class='ocr_line' id='line_1_36' title="bbox 91 1796 1010 1842; baseline 0.002 -13"><span class='ocrx_word' id='word_1_240' title='bbox 91 1807 231 1835; x_wconf 75' lang='lat' dir='ltr'>eorum,</span> <span class='ocrx_word' id='word_1_241' title='bbox 262 1796 319 1830; x_wconf 82' lang='lat' dir='ltr'>fibi</span> <span class='ocrx_word' id='word_1_242' title='bbox 340 1806 376 1830; x_wconf 90' lang='lat' dir='ltr'>ut</span> <span class='ocrx_word' id='word_1_243' title='bbox 400 1798 575 1842; x_wconf 87' lang='lat' dir='ltr'>plurimum</span> <span class='ocrx_word' id='word_1_244' title='bbox 596 1796 785 1842; x_wconf 83' lang='lat' dir='ltr'>prospicere</span> <span class='ocrx_word' id='word_1_245' title='bbox 802 1823 812 1835; x_wconf 68' lang='lat'>‚</span> <span class='ocrx_word' id='word_1_246' title='bbox 833 1798 864 1831; x_wconf 89' lang='lat'>&amp;</span> <span class='ocrx_word' id='word_1_247' title='bbox 887 1797 1010 1831; x_wconf 77' lang='lat' dir='ltr'>corisu-</span> 
     </span>
     <span class='ocr_line' id='line_1_37' title="bbox 88 1842 1007 1891; baseline 0.002 -15"><span class='ocrx_word' id='word_1_248' title='bbox 88 1842 157 1877; x_wconf 90' lang='lat' dir='ltr'>lere</span> <span class='ocrx_word' id='word_1_249' title='bbox 177 1845 423 1879; x_wconf 87' lang='lat' dir='ltr'>consueverunt</span> <span class='ocrx_word' id='word_1_250' title='bbox 435 1871 445 1887; x_wconf 89' lang='lat'><em>,</em></span> <span class='ocrx_word' id='word_1_251' title='bbox 472 1845 567 1891; x_wconf 77' lang='lat' dir='ltr'>quod</span> <span class='ocrx_word' id='word_1_252' title='bbox 581 1845 613 1878; x_wconf 90' lang='lat' dir='ltr'>in</span> <span class='ocrx_word' id='word_1_253' title='bbox 626 1844 845 1890; x_wconf 66' lang='lat' dir='ltr'>praesentibus</span> <span class='ocrx_word' id='word_1_254' title='bbox 859 1845 1007 1890; x_wconf 86' lang='lat' dir='ltr'>ejusdem</span> 
     </span>
     <span class='ocr_line' id='line_1_38' title="bbox 87 1889 1007 1938; baseline 0 -12"><span class='ocrx_word' id='word_1_255' title='bbox 87 1889 217 1938; x_wconf 68' lang='lat' dir='ltr'>Rt&#39;gnis</span> <span class='ocrx_word' id='word_1_256' title='bbox 234 1893 381 1938; x_wconf 80' lang='lat' dir='ltr'>partibus</span> <span class='ocrx_word' id='word_1_257' title='bbox 395 1919 405 1933; x_wconf 84' lang='lat'>‚</span> <span class='ocrx_word' id='word_1_258' title='bbox 427 1893 460 1926; x_wconf 72' lang='grc' dir='ltr'>ὃς</span> <span class='ocrx_word' id='word_1_259' title='bbox 478 1893 606 1938; x_wconf 75' lang='lat' dir='ltr'>Regnis</span> <span class='ocrx_word' id='word_1_260' title='bbox 626 1893 711 1925; x_wconf 86' lang='lat' dir='ltr'>ultra</span> <span class='ocrx_word' id='word_1_261' title='bbox 728 1892 869 1926; x_wconf 89' lang='lat' dir='ltr'>Montes</span> <span class='ocrx_word' id='word_1_262' title='bbox 885 1893 1007 1926; x_wconf 74' lang='lat' dir='ltr'>conili-</span> 
     </span>
     <span class='ocr_line' id='line_1_39' title="bbox 87 1939 1005 1987; baseline 0.001 -14"><span class='ocrx_word' id='word_1_263' title='bbox 87 1949 171 1974; x_wconf 87' lang='lat' dir='ltr'>tutis</span> <span class='ocrx_word' id='word_1_264' title='bbox 183 1953 250 1974; x_wconf 89' lang='lat' dir='ltr'>non</span> <span class='ocrx_word' id='word_1_265' title='bbox 265 1940 368 1975; x_wconf 86' lang='lat' dir='ltr'>solum</span> <span class='ocrx_word' id='word_1_266' title='bbox 383 1940 413 1974; x_wconf 92' lang='lat' dir='ltr'>in</span> <span class='ocrx_word' id='word_1_267' title='bbox 429 1941 563 1987; x_wconf 86' lang='lat' dir='ltr'>longam</span> <span class='ocrx_word' id='word_1_268' title='bbox 581 1939 857 1974; x_wconf 81' lang='lat' dir='ltr'>consuetudinem</span> <span class='ocrx_word' id='word_1_269' title='bbox 869 1967 878 1982; x_wconf 92' lang='lat'><strong>‚</strong></span> <span class='ocrx_word' id='word_1_270' title='bbox 898 1952 929 1974; x_wconf 92' lang='lat' dir='ltr'>in</span> <span class='ocrx_word' id='word_1_271' title='bbox 947 1952 1005 1974; x_wconf 92' lang='lat' dir='ltr'>cu-</span> 
     </span>
     <span class='ocr_line' id='line_1_40' title="bbox 86 1987 1004 2033; baseline 0.004 -13"><span class='ocrx_word' id='word_1_272' title='bbox 86 1987 140 2033; x_wconf 78' lang='lat' dir='ltr'>jus</span> <span class='ocrx_word' id='word_1_273' title='bbox 171 1988 372 2022; x_wconf 83' lang='lat' dir='ltr'>contrarium</span> <span class='ocrx_word' id='word_1_274' title='bbox 405 1989 562 2023; x_wconf 87' lang='lat' dir='ltr'>memoria</span> <span class='ocrx_word' id='word_1_275' title='bbox 591 1987 764 2022; x_wconf 80' lang='lat' dir='ltr'>hominum</span> <span class='ocrx_word' id='word_1_276' title='bbox 795 1999 861 2022; x_wconf 89' lang='lat' dir='ltr'>non</span> <span class='ocrx_word' id='word_1_277' title='bbox 891 1989 1004 2024; x_wconf 75' lang='lat' dir='ltr'>extitit</span> 
     </span>
     <span class='ocr_line' id='line_1_41' title="bbox 85 2035 1004 2083; baseline 0.002 -14"><span class='ocrx_word' id='word_1_278' title='bbox 85 2047 178 2069; x_wconf 86' lang='lat' dir='ltr'>more</span> <span class='ocrx_word' id='word_1_279' title='bbox 197 2036 362 2070; x_wconf 84' lang='lat' dir='ltr'>utentium</span> <span class='ocrx_word' id='word_1_280' title='bbox 382 2038 637 2083; x_wconf 88' lang='lat' dir='ltr'>comprobatum</span> <span class='ocrx_word' id='word_1_281' title='bbox 652 2061 661 2075; x_wconf 86' lang='lat'>,</span> <span class='ocrx_word' id='word_1_282' title='bbox 679 2035 736 2069; x_wconf 79' lang='lat' dir='ltr'>seri</span> <span class='ocrx_word' id='word_1_283' title='bbox 752 2035 848 2070; x_wconf 88' lang='lat' dir='ltr'>etiam</span> <span class='ocrx_word' id='word_1_284' title='bbox 864 2047 922 2082; x_wconf 89' lang='lat' dir='ltr'>per</span> <span class='ocrx_word' id='word_1_285' title='bbox 936 2048 1004 2071; x_wconf 90' lang='lat' dir='ltr'>rnu-</span> 
     </span>
     <span class='ocr_line' id='line_1_42' title="bbox 83 2083 1004 2133; baseline 0.003 -17"><span class='ocrx_word' id='word_1_286' title='bbox 83 2083 240 2129; x_wconf 86' lang='lat' dir='ltr'>nicipalia</span> <span class='ocrx_word' id='word_1_287' title='bbox 258 2083 452 2130; x_wconf 83' lang='lat' dir='ltr'>hujusmodi</span> <span class='ocrx_word' id='word_1_288' title='bbox 477 2084 673 2131; x_wconf 75' lang='lat' dir='ltr'>Regnorum</span> <span class='ocrx_word' id='word_1_289' title='bbox 689 2110 699 2124; x_wconf 85' lang='lat'>‚</span> <span class='ocrx_word' id='word_1_290' title='bbox 719 2085 752 2118; x_wconf 87' lang='lat'>&amp;</span> <span class='ocrx_word' id='word_1_291' title='bbox 775 2083 915 2129; x_wconf 81' lang='lat' dir='ltr'>partium</span> <span class='ocrx_word' id='word_1_292' title='bbox 932 2088 1004 2133; x_wconf 87' lang='lat' dir='ltr'>jura</span> 
     </span>
     <span class='ocr_line' id='line_1_43' title="bbox 83 2131 1001 2178; baseline 0 -13"><span class='ocrx_word' id='word_1_293' title='bbox 83 2142 143 2178; x_wconf 89' lang='lat' dir='ltr'>per</span> <span class='ocrx_word' id='word_1_294' title='bbox 170 2131 300 2177; x_wconf 81' lang='lat' dir='ltr'>Regem</span> <span class='ocrx_word' id='word_1_295' title='bbox 329 2132 433 2178; x_wconf 76' lang='lat' dir='ltr'>ipsum</span> <span class='ocrx_word' id='word_1_296' title='bbox 455 2158 464 2172; x_wconf 83' lang='lat'>‚</span> <span class='ocrx_word' id='word_1_297' title='bbox 497 2133 551 2166; x_wconf 87' lang='lat' dir='ltr'>seu</span> <span class='ocrx_word' id='word_1_298' title='bbox 581 2133 655 2178; x_wconf 86' lang='lat' dir='ltr'>ejus</span> <span class='ocrx_word' id='word_1_299' title='bbox 687 2131 964 2177; x_wconf 75' lang='lat' dir='ltr'>praedecessorem</span> <span class='ocrx_word' id='word_1_300' title='bbox 991 2158 1001 2173; x_wconf 89' lang='lat'>‚</span> 
     </span>
     <span class='ocr_line' id='line_1_44' title="bbox 82 2178 1003 2221; baseline 0.003 -9"><span class='ocrx_word' id='word_1_301' title='bbox 82 2189 160 2213; x_wconf 87' lang='lat' dir='ltr'>cum</span> <span class='ocrx_word' id='word_1_302' title='bbox 181 2178 340 2214; x_wconf 81' lang='lat' dir='ltr'>consensu</span> <span class='ocrx_word' id='word_1_303' title='bbox 369 2180 468 2214; x_wconf 88' lang='lat' dir='ltr'>trium</span> <span class='ocrx_word' id='word_1_304' title='bbox 491 2180 704 2214; x_wconf 88' lang='lat' dir='ltr'>brachiorum</span> <span class='ocrx_word' id='word_1_305' title='bbox 719 2206 729 2221; x_wconf 91' lang='lat'>,</span> <span class='ocrx_word' id='word_1_306' title='bbox 754 2179 913 2213; x_wconf 86' lang='lat' dir='ltr'>videlicet</span> <span class='ocrx_word' id='word_1_307' title='bbox 935 2179 1003 2215; x_wconf 88' lang='lat' dir='ltr'>Ec·</span> 
     </span>
     <span class='ocr_line' id='line_1_45' title="bbox 82 2227 1003 2276; baseline 0.003 -16"><span class='ocrx_word' id='word_1_308' title='bbox 82 2227 251 2261; x_wconf 83' lang='lat' dir='ltr'>clesiaslici</span> <span class='ocrx_word' id='word_1_309' title='bbox 267 2254 276 2268; x_wconf 87' lang='lat'>,</span> <span class='ocrx_word' id='word_1_310' title='bbox 295 2228 440 2262; x_wconf 85' lang='lat' dir='ltr'>militaris</span> <span class='ocrx_word' id='word_1_311' title='bbox 455 2254 464 2269; x_wconf 80' lang='grc'><em>,</em></span> <span class='ocrx_word' id='word_1_312' title='bbox 488 2231 520 2263; x_wconf 74' lang='grc' dir='ltr'>ὅ(</span> <span class='ocrx_word' id='word_1_313' title='bbox 541 2229 681 2276; x_wconf 84' lang='lat' dir='ltr'>regalis,</span> <span class='ocrx_word' id='word_1_314' title='bbox 702 2227 912 2274; x_wconf 87' lang='lat' dir='ltr'>promulgata</span> <span class='ocrx_word' id='word_1_315' title='bbox 933 2228 1003 2276; x_wconf 88' lang='lat' dir='ltr'>spe-</span> 
     </span>
     <span class='ocr_line' id='line_1_46' title="bbox 81 2274 961 2311; baseline 0.001 -3"><span class='ocrx_word' id='word_1_316' title='bbox 81 2275 210 2309; x_wconf 86' lang='lat' dir='ltr'>cialiter</span> <span class='ocrx_word' id='word_1_317' title='bbox 235 2274 460 2311; x_wconf 86' lang='lat' dir='ltr'>confirmatur.</span> <span class='ocrx_word' id='word_1_318' title='bbox 959 2299 961 2305; x_wconf 39' lang='grc' dir='ltr'><em>ι</em></span> 
     </span>
     <span class='ocr_line' id='line_1_47' title="bbox 129 2322 1000 2370; baseline 0.002 -13"><span class='ocrx_word' id='word_1_319' title='bbox 129 2324 218 2358; x_wconf 91' lang='lat' dir='ltr'>Cum</span> <span class='ocrx_word' id='word_1_320' title='bbox 242 2324 359 2370; x_wconf 74' lang='lat' dir='ltr'>itaq-ie</span> <span class='ocrx_word' id='word_1_321' title='bbox 384 2323 496 2359; x_wconf 89' lang='lat' dir='ltr'>multis</span> <span class='ocrx_word' id='word_1_322' title='bbox 519 2323 637 2358; x_wconf 89' lang='lat' dir='ltr'>incolis</span> <span class='ocrx_word' id='word_1_323' title='bbox 652 2349 662 2363; x_wconf 85' lang='lat'>‚</span> <span class='ocrx_word' id='word_1_324' title='bbox 678 2323 711 2357; x_wconf 71' lang='grc' dir='ltr'>ἀ</span> <span class='ocrx_word' id='word_1_325' title='bbox 733 2322 1000 2359; x_wconf 80' lang='lat' dir='ltr'>habilitatoribus</span> 
     </span>
     <span class='ocr_line' id='line_1_48' title="bbox 79 2370 998 2419; baseline 0.002 -16"><span class='ocrx_word' id='word_1_326' title='bbox 79 2371 221 2417; x_wconf 80' lang='lat' dir='ltr'>partium</span> <span class='ocrx_word' id='word_1_327' title='bbox 250 2373 282 2405; x_wconf 74' lang='lat' dir='ltr'>t&amp;</span> <span class='ocrx_word' id='word_1_328' title='bbox 314 2372 527 2406; x_wconf 86' lang='lat' dir='ltr'>dominorum</span> <span class='ocrx_word' id='word_1_329' title='bbox 558 2372 705 2418; x_wconf 80' lang='lat' dir='ltr'>ejusdem</span> <span class='ocrx_word' id='word_1_330' title='bbox 738 2370 847 2419; x_wconf 86' lang='lat' dir='ltr'>Regis</span> <span class='ocrx_word' id='word_1_331' title='bbox 872 2398 883 2413; x_wconf 75' lang='lat'>,</span> <span class='ocrx_word' id='word_1_332' title='bbox 913 2372 998 2406; x_wconf 87' lang='lat' dir='ltr'>citra</span> 
     </span>
     <span class='ocr_line' id='line_1_49' title="bbox 79 2418 997 2466; baseline 0.001 -13"><span class='ocrx_word' id='word_1_333' title='bbox 79 2418 238 2453; x_wconf 86' lang='lat' dir='ltr'>Montem</span> <span class='ocrx_word' id='word_1_334' title='bbox 269 2421 530 2455; x_wconf 72' lang='lat' dir='ltr'>constitutorum</span> <span class='ocrx_word' id='word_1_335' title='bbox 555 2446 564 2462; x_wconf 88' lang='lat'><strong>‚</strong></span> <span class='ocrx_word' id='word_1_336' title='bbox 591 2420 822 2466; x_wconf 82' lang='lat' dir='ltr'>indigentibus</span> <span class='ocrx_word' id='word_1_337' title='bbox 847 2431 906 2466; x_wconf 89' lang='lat' dir='ltr'>per</span> <span class='ocrx_word' id='word_1_338' title='bbox 934 2419 997 2454; x_wconf 91' lang='lat' dir='ltr'>hu-</span> 
     </span>
     <span class='ocr_line' id='line_1_50' title="bbox 77 2462 999 2515; baseline 0.002 -15"><span class='ocrx_word' id='word_1_339' title='bbox 77 2467 220 2513; x_wconf 65' lang='lat' dir='ltr'>jusmodi</span> <span class='ocrx_word' id='word_1_340' title='bbox 238 2462 438 2502; x_wconf 77' lang='lat' dir='ltr'>censualium</span> <span class='ocrx_word' id='word_1_341' title='bbox 455 2468 666 2503; x_wconf 69' lang='lat' dir='ltr'>venditiones</span> <span class='ocrx_word' id='word_1_342' title='bbox 681 2468 848 2501; x_wconf 81' lang='lat' dir='ltr'>subveniri</span> <span class='ocrx_word' id='word_1_343' title='bbox 868 2468 999 2515; x_wconf 83' lang='lat' dir='ltr'>ipfique</span> 
     </span>
     <span class='ocr_line' id='line_1_51' title="bbox 80 2515 996 2563; baseline 0 -14"><span class='ocrx_word' id='word_1_344' title='bbox 80 2515 322 2550; x_wconf 77' lang='lat' dir='ltr'>l&#39;oeneratorum</span> <span class='ocrx_word' id='word_1_345' title='bbox 353 2542 362 2555; x_wconf 85' lang='lat'>‚</span> <span class='ocrx_word' id='word_1_346' title='bbox 389 2516 494 2550; x_wconf 88' lang='lat' dir='ltr'>usuris</span> <span class='ocrx_word' id='word_1_347' title='bbox 515 2516 612 2550; x_wconf 83' lang='lat' dir='ltr'>eximi</span> <span class='ocrx_word' id='word_1_348' title='bbox 641 2515 762 2562; x_wconf 76' lang='lat' dir='ltr'>possint</span> <span class='ocrx_word' id='word_1_349' title='bbox 781 2542 790 2557; x_wconf 94' lang='lat'>,</span> <span class='ocrx_word' id='word_1_350' title='bbox 821 2517 854 2550; x_wconf 89' lang='lat'>&amp;</span> <span class='ocrx_word' id='word_1_351' title='bbox 880 2516 940 2563; x_wconf 89' lang='lat' dir='ltr'>qui</span> <span class='ocrx_word' id='word_1_352' title='bbox 963 2516 996 2549; x_wconf 90' lang='lat' dir='ltr'>in</span> 
     </span>
     <span class='ocr_line' id='line_1_52' title="bbox 75 2562 995 2608; baseline 0.001 -12"><span class='ocrx_word' id='word_1_353' title='bbox 75 2562 145 2597; x_wconf 92' lang='lat' dir='ltr'>lioc</span> <span class='ocrx_word' id='word_1_354' title='bbox 167 2564 319 2608; x_wconf 79' lang='lat' dir='ltr'>pecuniis</span> <span class='ocrx_word' id='word_1_355' title='bbox 350 2565 557 2599; x_wconf 77' lang='lat' dir='ltr'>abundantes</span> <span class='ocrx_word' id='word_1_356' title='bbox 588 2564 744 2598; x_wconf 72' lang='lat' dir='ltr'>dubitant</span> <span class='ocrx_word' id='word_1_357' title='bbox 769 2590 779 2604; x_wconf 87' lang='lat'>,</span> <span class='ocrx_word' id='word_1_358' title='bbox 819 2563 995 2598; x_wconf 82' lang='lat' dir='ltr'>usurariam</span> 
     </span>
     <span class='ocr_line' id='line_1_53' title="bbox 75 2611 995 2658; baseline 0.002 -15"><span class='ocrx_word' id='word_1_359' title='bbox 75 2622 274 2658; x_wconf 80' lang='lat' dir='ltr'>pravitatem</span> <span class='ocrx_word' id='word_1_360' title='bbox 300 2613 510 2647; x_wconf 81' lang='lat' dir='ltr'>committere</span> <span class='ocrx_word' id='word_1_361' title='bbox 526 2638 535 2652; x_wconf 79' lang='grc'><em>,</em></span> <span class='ocrx_word' id='word_1_362' title='bbox 560 2613 593 2647; x_wconf 73' lang='grc'>8(</span> <span class='ocrx_word' id='word_1_363' title='bbox 618 2611 736 2647; x_wconf 84' lang='lat' dir='ltr'>eisdem</span> <span class='ocrx_word' id='word_1_364' title='bbox 761 2611 995 2657; x_wconf 84' lang='lat' dir='ltr'>indigentibus</span> 
     </span>
     <span class='ocr_line' id='line_1_54' title="bbox 74 2659 993 2706; baseline -0.001 -13"><span class='ocrx_word' id='word_1_365' title='bbox 74 2670 168 2693; x_wconf 82' lang='lat' dir='ltr'>inore</span> <span class='ocrx_word' id='word_1_366' title='bbox 201 2659 365 2706; x_wconf 75' lang='lat' dir='ltr'>praemislo</span> <span class='ocrx_word' id='word_1_367' title='bbox 392 2659 587 2694; x_wconf 87' lang='lat' dir='ltr'>succurrere</span> <span class='ocrx_word' id='word_1_368' title='bbox 614 2659 792 2694; x_wconf 82' lang='lat' dir='ltr'>formidant</span> <span class='ocrx_word' id='word_1_369' title='bbox 819 2687 828 2701; x_wconf 81' lang='grc'>,</span> <span class='ocrx_word' id='word_1_370' title='bbox 853 2673 884 2693; x_wconf 84' lang='grc' dir='ltr'>ιη</span> <span class='ocrx_word' id='word_1_371' title='bbox 908 2660 993 2693; x_wconf 85' lang='lat' dir='ltr'>indi-</span> 
     </span>
     <span class='ocr_line' id='line_1_55' title="bbox 73 2707 995 2754; baseline -0.001 -13"><span class='ocrx_word' id='word_1_372' title='bbox 73 2707 224 2754; x_wconf 83' lang='lat' dir='ltr'>gentium</span> <span class='ocrx_word' id='word_1_373' title='bbox 248 2708 488 2742; x_wconf 82' lang='lat' dir='ltr'>detrimentum</span> <span class='ocrx_word' id='word_1_374' title='bbox 504 2734 514 2750; x_wconf 83' lang='lat'>‚</span> <span class='ocrx_word' id='word_1_375' title='bbox 538 2710 571 2743; x_wconf 76' lang='grc' dir='ltr'>δι</span> <span class='ocrx_word' id='word_1_376' title='bbox 594 2707 833 2744; x_wconf 75' lang='lat' dir='ltr'>foeneratorum</span> <span class='ocrx_word' id='word_1_377' title='bbox 859 2719 995 2741; x_wconf 87' lang='lat' dir='ltr'>eorum-</span> 
     </span>
     <span class='ocr_line' id='line_1_56' title="bbox 73 2755 992 2802; baseline -0.001 -12"><span class='ocrx_word' id='word_1_378' title='bbox 73 2756 150 2790; x_wconf 90' lang='lat' dir='ltr'>dem</span> <span class='ocrx_word' id='word_1_379' title='bbox 167 2756 306 2791; x_wconf 88' lang='lat' dir='ltr'>evidens</span> <span class='ocrx_word' id='word_1_380' title='bbox 323 2756 561 2791; x_wconf 86' lang='lat' dir='ltr'>incrementum</span> <span class='ocrx_word' id='word_1_381' title='bbox 576 2768 638 2802; x_wconf 88' lang='lat' dir='ltr'>pto</span> <span class='ocrx_word' id='word_1_382' title='bbox 658 2767 751 2802; x_wconf 85' lang='lat' dir='ltr'>parte</span> <span class='ocrx_word' id='word_1_383' title='bbox 764 2756 908 2802; x_wconf 88' lang='lat' dir='ltr'>ejusdem</span> <span class='ocrx_word' id='word_1_384' title='bbox 924 2755 992 2790; x_wconf 83' lang='lat' dir='ltr'>Re-</span> 
     </span>
     <span class='ocr_line' id='line_1_57' title="bbox 71 2802 994 2851; baseline 0.001 -15"><span class='ocrx_word' id='word_1_385' title='bbox 71 2804 125 2851; x_wconf 81' lang='lat' dir='ltr'>gis</span> <span class='ocrx_word' id='word_1_386' title='bbox 145 2802 209 2839; x_wconf 86' lang='lat' dir='ltr'>fuit</span> <span class='ocrx_word' id='word_1_387' title='bbox 234 2804 400 2839; x_wconf 83' lang='lat' dir='ltr'>humiliter</span> <span class='ocrx_word' id='word_1_388' title='bbox 426 2803 649 2851; x_wconf 79' lang='lat' dir='ltr'>supplicatum</span> <span class='ocrx_word' id='word_1_389' title='bbox 671 2830 681 2842; x_wconf 85' lang='grc'>.,</span> <span class='ocrx_word' id='word_1_390' title='bbox 710 2815 747 2838; x_wconf 88' lang='lat' dir='ltr'>ut</span> <span class='ocrx_word' id='word_1_391' title='bbox 779 2816 826 2838; x_wconf 89' lang='lat' dir='ltr'>eis</span> <span class='ocrx_word' id='word_1_392' title='bbox 855 2813 994 2850; x_wconf 85' lang='lat' dir='ltr'>paterno</span> 
     </span>
     <span class='ocr_line' id='line_1_58' title="bbox 72 2851 994 2897; baseline -0.001 -12"><span class='ocrx_word' id='word_1_393' title='bbox 72 2853 319 2896; x_wconf 85' lang='lat' dir='ltr'>compatientes</span> <span class='ocrx_word' id='word_1_394' title='bbox 333 2852 452 2887; x_wconf 70' lang='lat' dir='ltr'>affeetu</span> <span class='ocrx_word' id='word_1_395' title='bbox 468 2879 478 2893; x_wconf 85' lang='lat'>‚</span> <span class='ocrx_word' id='word_1_396' title='bbox 498 2864 529 2886; x_wconf 90' lang='lat' dir='ltr'>in</span> <span class='ocrx_word' id='word_1_397' title='bbox 547 2851 714 2897; x_wconf 72' lang='lat' dir='ltr'>praemissis</span> <span class='ocrx_word' id='word_1_398' title='bbox 729 2852 771 2886; x_wconf 89' lang='lat' dir='ltr'>de</span> <span class='ocrx_word' id='word_1_399' title='bbox 787 2863 994 2897; x_wconf 83' lang='lat' dir='ltr'>opportuiiae</span> 
     </span>
     <span class='ocr_line' id='line_1_59' title="bbox 72 2898 993 2947; baseline -0.002 -14"><span class='ocrx_word' id='word_1_400' title='bbox 72 2900 270 2945; x_wconf 79' lang='lat' dir='ltr'>provifionis</span> <span class='ocrx_word' id='word_1_401' title='bbox 281 2912 384 2947; x_wconf 85' lang='lat' dir='ltr'>opere</span> <span class='ocrx_word' id='word_1_402' title='bbox 398 2900 600 2940; x_wconf 86' lang='lat' dir='ltr'>succurrere,</span> <span class='ocrx_word' id='word_1_403' title='bbox 615 2898 840 2947; x_wconf 83' lang='lat' dir='ltr'>praefatasque</span> <span class='ocrx_word' id='word_1_404' title='bbox 858 2900 993 2933; x_wconf 73' lang='lat' dir='ltr'>censua-</span> 
     </span>
     <span class='ocr_line' id='line_1_60' title="bbox 71 2946 994 2988; baseline -0.002 -7"><span class='ocrx_word' id='word_1_405' title='bbox 71 2947 150 2982; x_wconf 88' lang='lat' dir='ltr'>lium</span> <span class='ocrx_word' id='word_1_406' title='bbox 168 2948 379 2983; x_wconf 82' lang='lat' dir='ltr'>venditiones</span> <span class='ocrx_word' id='word_1_407' title='bbox 398 2975 407 2988; x_wconf 83' lang='grc'>,</span> <span class='ocrx_word' id='word_1_408' title='bbox 423 2959 499 2982; x_wconf 92' lang='lat' dir='ltr'>cum</span> <span class='ocrx_word' id='word_1_409' title='bbox 521 2946 673 2982; x_wconf 84' lang='lat' dir='ltr'>clausulis</span> <span class='ocrx_word' id='word_1_410' title='bbox 689 2973 698 2986; x_wconf 78' lang='grc'>,</span> <span class='ocrx_word' id='word_1_411' title='bbox 720 2948 753 2981; x_wconf 88' lang='lat'>&amp;</span> <span class='ocrx_word' id='word_1_412' title='bbox 778 2947 994 2981; x_wconf 82' lang='lat' dir='ltr'>cautionibus</span> 
     </span>
     <span class='ocr_line' id='line_1_61' title="bbox 71 2995 991 3039; baseline -0.003 -10"><span class='ocrx_word' id='word_1_413' title='bbox 71 2995 114 3029; x_wconf 89' lang='lat' dir='ltr'>ad</span> <span class='ocrx_word' id='word_1_414' title='bbox 139 3008 250 3031; x_wconf 80' lang='lat' dir='ltr'>earum</span> <span class='ocrx_word' id='word_1_415' title='bbox 280 2996 483 3031; x_wconf 82' lang='lat' dir='ltr'>validitatem</span> <span class='ocrx_word' id='word_1_416' title='bbox 501 2996 587 3030; x_wconf 89' lang='lat' dir='ltr'>inter</span> <span class='ocrx_word' id='word_1_417' title='bbox 607 2995 801 3029; x_wconf 85' lang='lat' dir='ltr'>venditores</span> <span class='ocrx_word' id='word_1_418' title='bbox 820 3021 828 3032; x_wconf 85' lang='grc'><strong>.</strong></span> <span class='ocrx_word' id='word_1_419' title='bbox 847 2995 881 3028; x_wconf 89' lang='lat'>&amp;</span> <span class='ocrx_word' id='word_1_420' title='bbox 900 3005 991 3039; x_wconf 88' lang='lat' dir='ltr'>emp-</span> 
     </span>
     <span class='ocr_line' id='line_1_62' title="bbox 71 3042 993 3091; baseline -0.003 -14"><span class='ocrx_word' id='word_1_421' title='bbox 71 3052 162 3078; x_wconf 85' lang='lat' dir='ltr'>tores</span> <span class='ocrx_word' id='word_1_422' title='bbox 176 3071 185 3084; x_wconf 84' lang='lat'>,</span> <span class='ocrx_word' id='word_1_423' title='bbox 210 3055 327 3079; x_wconf 87' lang='lat' dir='ltr'>mutuo</span> <span class='ocrx_word' id='word_1_424' title='bbox 345 3043 504 3079; x_wconf 89' lang='lat' dir='ltr'>consensu</span> <span class='ocrx_word' id='word_1_425' title='bbox 527 3043 652 3091; x_wconf 83' lang='lat' dir='ltr'>absque</span> <span class='ocrx_word' id='word_1_426' title='bbox 670 3043 803 3078; x_wconf 70' lang='lat' dir='ltr'>laefione</span> <span class='ocrx_word' id='word_1_427' title='bbox 821 3042 993 3076; x_wconf 82' lang='lat' dir='ltr'>conscien-</span> 
     </span>
     <span class='ocr_line' id='line_1_63' title="bbox 69 3088 991 3137; baseline -0.001 -13"><span class='ocrx_word' id='word_1_428' title='bbox 69 3091 130 3126; x_wconf 77' lang='lat' dir='ltr'>tia&#39;e</span> <span class='ocrx_word' id='word_1_429' title='bbox 146 3092 178 3125; x_wconf 93' lang='lat' dir='ltr'>in</span> <span class='ocrx_word' id='word_1_430' title='bbox 200 3091 326 3137; x_wconf 83' lang='lat' dir='ltr'>Regnis</span> <span class='ocrx_word' id='word_1_431' title='bbox 343 3092 469 3126; x_wconf 83' lang='lat' dir='ltr'>Siciliae</span> <span class='ocrx_word' id='word_1_432' title='bbox 484 3091 566 3126; x_wconf 88' lang='lat' dir='ltr'>citra</span> <span class='ocrx_word' id='word_1_433' title='bbox 578 3118 587 3132; x_wconf 85' lang='lat'>‚</span> <span class='ocrx_word' id='word_1_434' title='bbox 609 3095 641 3127; x_wconf 89' lang='lat'>&amp;</span> <span class='ocrx_word' id='word_1_435' title='bbox 657 3092 742 3126; x_wconf 86' lang='lat' dir='ltr'>ultra</span> <span class='ocrx_word' id='word_1_436' title='bbox 761 3090 904 3125; x_wconf 81' lang='lat' dir='ltr'>Pharum</span> <span class='ocrx_word' id='word_1_437' title='bbox 919 3088 991 3123; x_wconf 88' lang='lat' dir='ltr'>fieri</span> 
     </span>
     <span class='ocr_line' id='line_1_64' title="bbox 68 3137 989 3184; baseline -0.002 -11"><span class='ocrx_word' id='word_1_438' title='bbox 68 3139 164 3184; x_wconf 80' lang='lat' dir='ltr'>posse</span> <span class='ocrx_word' id='word_1_439' title='bbox 187 3139 309 3173; x_wconf 88' lang='lat' dir='ltr'>debere</span> <span class='ocrx_word' id='word_1_440' title='bbox 323 3166 333 3180; x_wconf 88' lang='lat'>,</span> <span class='ocrx_word' id='word_1_441' title='bbox 359 3140 539 3174; x_wconf 90' lang='lat' dir='ltr'>decernere</span> <span class='ocrx_word' id='word_1_442' title='bbox 554 3167 564 3181; x_wconf 88' lang='lat'>‚</span> <span class='ocrx_word' id='word_1_443' title='bbox 591 3140 624 3174; x_wconf 79' lang='grc' dir='ltr'>ὅ(</span> <span class='ocrx_word' id='word_1_444' title='bbox 648 3138 815 3173; x_wconf 84' lang='lat' dir='ltr'>declarare</span> <span class='ocrx_word' id='word_1_445' title='bbox 832 3138 875 3172; x_wconf 88' lang='lat' dir='ltr'>de</span> <span class='ocrx_word' id='word_1_446' title='bbox 897 3137 989 3172; x_wconf 84' lang='lat' dir='ltr'>beni-</span> 
     </span>
     <span class='ocr_line' id='line_1_65' title="bbox 68 3187 975 3234; baseline 0 -14"><span class='ocrx_word' id='word_1_447' title='bbox 68 3188 200 3233; x_wconf 82' lang='lat' dir='ltr'>gnitate</span> <span class='ocrx_word' id='word_1_448' title='bbox 228 3188 428 3233; x_wconf 87' lang='lat' dir='ltr'>Apoflolica</span> <span class='ocrx_word' id='word_1_449' title='bbox 456 3187 680 3234; x_wconf 87' lang='lat' dir='ltr'>dignaremur.</span> <span class='ocrx_word' id='word_1_450' title='bbox 970 3196 975 3206; x_wconf 87' lang='lat'><strong>·</strong></span> 
     </span>
     <span class='ocr_line' id='line_1_66' title="bbox 117 3233 989 3282; baseline -0.002 -12"><span class='ocrx_word' id='word_1_451' title='bbox 117 3235 196 3271; x_wconf 88' lang='lat' dir='ltr'>Nos</span> <span class='ocrx_word' id='word_1_452' title='bbox 211 3235 315 3281; x_wconf 81' lang='lat' dir='ltr'>igitur</span> <span class='ocrx_word' id='word_1_453' title='bbox 330 3246 390 3281; x_wconf 88' lang='lat' dir='ltr'>pro</span> <span class='ocrx_word' id='word_1_454' title='bbox 410 3235 530 3269; x_wconf 83' lang='lat' dir='ltr'>debito</span> <span class='ocrx_word' id='word_1_455' title='bbox 546 3234 716 3282; x_wconf 80' lang='lat' dir='ltr'>pastoralis</span> <span class='ocrx_word' id='word_1_456' title='bbox 733 3233 913 3275; x_wconf 81' lang='lat' dir='ltr'>ministerii.</span> <span class='ocrx_word' id='word_1_457' title='bbox 929 3245 989 3269; x_wconf 90' lang='lat' dir='ltr'>no-</span> 
     </span>
     <span class='ocr_line' id='line_1_67' title="bbox 67 3281 990 3329; baseline -0.002 -12"><span class='ocrx_word' id='word_1_458' title='bbox 67 3283 118 3318; x_wconf 85' lang='lat' dir='ltr'>bis</span> <span class='ocrx_word' id='word_1_459' title='bbox 134 3283 295 3318; x_wconf 80' lang='lat' dir='ltr'>divinitus</span> <span class='ocrx_word' id='word_1_460' title='bbox 315 3283 474 3328; x_wconf 68' lang='lat' dir='ltr'>injuncti,</span> <span class='ocrx_word' id='word_1_461' title='bbox 492 3282 588 3329; x_wconf 84' lang='lat' dir='ltr'>super</span> <span class='ocrx_word' id='word_1_462' title='bbox 613 3283 662 3316; x_wconf 83' lang='lat' dir='ltr'>his</span> <span class='ocrx_word' id='word_1_463' title='bbox 679 3281 850 3316; x_wconf 88' lang='lat' dir='ltr'>salubriter</span> <span class='ocrx_word' id='word_1_464' title='bbox 874 3281 990 3328; x_wconf 82' lang='lat' dir='ltr'>provi-</span> 
     </span>
     <span class='ocr_line' id='line_1_68' title="bbox 66 3330 989 3372; baseline 0 -7"><span class='ocrx_word' id='word_1_465' title='bbox 66 3330 161 3372; x_wconf 85' lang='lat' dir='ltr'>deri,</span> <span class='ocrx_word' id='word_1_466' title='bbox 182 3343 224 3366; x_wconf 87' lang='lat' dir='ltr'>ac</span> <span class='ocrx_word' id='word_1_467' title='bbox 242 3331 340 3366; x_wconf 79' lang='lat' dir='ltr'>statui</span> <span class='ocrx_word' id='word_1_468' title='bbox 357 3358 366 3370; x_wconf 79' lang='grc'>,</span> <span class='ocrx_word' id='word_1_469' title='bbox 385 3331 418 3366; x_wconf 87' lang='lat'>&amp;</span> <span class='ocrx_word' id='word_1_470' title='bbox 446 3330 719 3366; x_wconf 84' lang='lat' dir='ltr'>indemnitatibus</span> <span class='ocrx_word' id='word_1_471' title='bbox 747 3330 930 3365; x_wconf 87' lang='lat' dir='ltr'>incolarum</span> <span class='ocrx_word' id='word_1_472' title='bbox 955 3330 989 3365; x_wconf 82' lang='lat'>&amp;</span> 
     </span>
     <span class='ocr_line' id='line_1_69' title="bbox 67 3376 989 3423; baseline 0 -11"><span class='ocrx_word' id='word_1_473' title='bbox 67 3377 292 3414; x_wconf 81' lang='lat' dir='ltr'>habitatorum</span> <span class='ocrx_word' id='word_1_474' title='bbox 317 3389 474 3414; x_wconf 84' lang='lat' dir='ltr'>terrarum</span> <span class='ocrx_word' id='word_1_475' title='bbox 501 3378 581 3412; x_wconf 68' lang='lat' dir='ltr'>disti</span> <span class='ocrx_word' id='word_1_476' title='bbox 611 3378 716 3423; x_wconf 84' lang='lat' dir='ltr'>Regis</span> <span class='ocrx_word' id='word_1_477' title='bbox 739 3378 824 3414; x_wconf 88' lang='lat' dir='ltr'>citra</span> <span class='ocrx_word' id='word_1_478' title='bbox 847 3376 989 3413; x_wconf 77' lang='lat' dir='ltr'>Montes</span> 
     </span>
     <span class='ocr_line' id='line_1_70' title="bbox 66 3425 988 3474; baseline -0.001 -14"><span class='ocrx_word' id='word_1_479' title='bbox 66 3427 328 3462; x_wconf 83' lang='lat' dir='ltr'>constitutorum</span> <span class='ocrx_word' id='word_1_480' title='bbox 345 3425 557 3473; x_wconf 79' lang='lat' dir='ltr'>praesentium</span> <span class='ocrx_word' id='word_1_481' title='bbox 572 3453 582 3469; x_wconf 88' lang='lat'>,</span> <span class='ocrx_word' id='word_1_482' title='bbox 598 3428 631 3461; x_wconf 77' lang='grc' dir='ltr'>δε</span> <span class='ocrx_word' id='word_1_483' title='bbox 649 3425 840 3461; x_wconf 82' lang='lat' dir='ltr'>futurorum</span> <span class='ocrx_word' id='word_1_484' title='bbox 854 3450 864 3465; x_wconf 89' lang='lat'>‚</span> <span class='ocrx_word' id='word_1_485' title='bbox 881 3436 988 3474; x_wconf 80' lang='lat' dir='ltr'>quan·</span> 
     </span>
     <span class='ocr_line' id='line_1_71' title="bbox 69 3472 986 3521; baseline -0.001 -13"><span class='ocrx_word' id='word_1_486' title='bbox 69 3483 140 3508; x_wconf 91' lang='lat' dir='ltr'>tum</span> <span class='ocrx_word' id='word_1_487' title='bbox 165 3486 242 3510; x_wconf 90' lang='lat' dir='ltr'>cum</span> <span class='ocrx_word' id='word_1_488' title='bbox 262 3476 341 3512; x_wconf 86' lang='lat' dir='ltr'>Deo</span> <span class='ocrx_word' id='word_1_489' title='bbox 372 3472 544 3521; x_wconf 77' lang='lat' dir='ltr'>postumus</span> <span class='ocrx_word' id='word_1_490' title='bbox 558 3500 567 3514; x_wconf 82' lang='lat'><strong>‚</strong></span> <span class='ocrx_word' id='word_1_491' title='bbox 589 3474 763 3508; x_wconf 81' lang='lat' dir='ltr'>subvenire</span> <span class='ocrx_word' id='word_1_492' title='bbox 783 3472 958 3519; x_wconf 86' lang='lat' dir='ltr'>cupientes</span> <span class='ocrx_word' id='word_1_493' title='bbox 976 3498 986 3515; x_wconf 86' lang='lat'>‚</span> 
     </span>
     <span class='ocr_line' id='line_1_72' title="bbox 67 3520 985 3570; baseline 0 -16"><span class='ocrx_word' id='word_1_494' title='bbox 67 3523 278 3558; x_wconf 83' lang='lat' dir='ltr'>attendentes</span> <span class='ocrx_word' id='word_1_495' title='bbox 292 3549 301 3564; x_wconf 84' lang='lat'><strong>‚</strong></span> <span class='ocrx_word' id='word_1_496' title='bbox 324 3521 420 3570; x_wconf 90' lang='lat' dir='ltr'>quod</span> <span class='ocrx_word' id='word_1_497' title='bbox 442 3522 533 3556; x_wconf 89' lang='lat' dir='ltr'>clero</span> <span class='ocrx_word' id='word_1_498' title='bbox 557 3533 734 3561; x_wconf 77' lang='lat' dir='ltr'>terrarum,</span> <span class='ocrx_word' id='word_1_499' title='bbox 762 3521 796 3556; x_wconf 73' lang='lat' dir='ltr'>«Sc</span> <span class='ocrx_word' id='word_1_500' title='bbox 816 3520 985 3555; x_wconf 88' lang='lat' dir='ltr'>dominio-</span> 
     </span>
     <span class='ocr_line' id='line_1_73' title="bbox 68 3567 984 3619; baseline 0 -17"><span class='ocrx_word' id='word_1_501' title='bbox 68 3580 141 3603; x_wconf 87' lang='lat' dir='ltr'>rum</span> <span class='ocrx_word' id='word_1_502' title='bbox 153 3569 251 3615; x_wconf 81' lang='lat' dir='ltr'>ipfius</span> <span class='ocrx_word' id='word_1_503' title='bbox 265 3571 372 3619; x_wconf 79' lang='lat' dir='ltr'>Regis</span> <span class='ocrx_word' id='word_1_504' title='bbox 390 3571 472 3606; x_wconf 80' lang='lat' dir='ltr'>citra</span> <span class='ocrx_word' id='word_1_505' title='bbox 487 3568 628 3604; x_wconf 88' lang='lat' dir='ltr'>Montes</span> <span class='ocrx_word' id='word_1_506' title='bbox 644 3569 929 3608; x_wconf 75' lang='lat' dir='ltr'>constitutorum,</span> <span class='ocrx_word' id='word_1_507' title='bbox 953 3567 984 3602; x_wconf 86' lang='lat' dir='ltr'>in</span> 
     </span>
     <span class='ocr_line' id='line_1_74' title="bbox 66 3614 986 3667; baseline 0 -18"><span class='ocrx_word' id='word_1_508' title='bbox 66 3616 132 3651; x_wconf 89' lang='lat' dir='ltr'>suis</span> <span class='ocrx_word' id='word_1_509' title='bbox 154 3617 232 3652; x_wconf 91' lang='lat' dir='ltr'>olim</span> <span class='ocrx_word' id='word_1_510' title='bbox 248 3617 477 3667; x_wconf 84' lang='lat' dir='ltr'>indigentibus</span> <span class='ocrx_word' id='word_1_511' title='bbox 493 3629 551 3664; x_wconf 81' lang='lat' dir='ltr'>per</span> <span class='ocrx_word' id='word_1_512' title='bbox 569 3617 783 3652; x_wconf 85' lang='lat' dir='ltr'>venditiones</span> <span class='ocrx_word' id='word_1_513' title='bbox 805 3614 986 3663; x_wconf 78' lang='lat' dir='ltr'>praedie&#39;to·</span> 
     </span>
     <span class='ocr_line' id='line_1_75' title="bbox 64 3663 988 3712; baseline -0.003 -12"><span class='ocrx_word' id='word_1_514' title='bbox 64 3675 138 3701; x_wconf 85' lang='lat' dir='ltr'>rum</span> <span class='ocrx_word' id='word_1_515' title='bbox 165 3665 365 3703; x_wconf 75' lang='lat' dir='ltr'>censualium</span> <span class='ocrx_word' id='word_1_516' title='bbox 398 3666 596 3703; x_wconf 62' lang='lat' dir='ltr'>anaoritate</span> <span class='ocrx_word' id='word_1_517' title='bbox 628 3664 832 3712; x_wconf 75' lang='lat' dir='ltr'>Apoitoi‘ica</span> <span class='ocrx_word' id='word_1_518' title='bbox 862 3663 988 3711; x_wconf 87' lang='lat' dir='ltr'>pluries</span> 
     </span>
    </p>
   </div>
   <div class='ocr_carea' id='block_1_9' title="bbox 1076 167 1987 267">
    <p class='ocr_par' dir='ltr' id='par_1_11' title="bbox 1076 167 1987 267">
     <span class='ocr_line' id='line_1_76' title="bbox 1076 167 1987 267; baseline 0.027 -33"><span class='ocrx_word' id='word_1_519' title='bbox 1076 167 1141 244; x_wconf 73' lang='grc' dir='ltr'>δε</span> <span class='ocrx_word' id='word_1_520' title='bbox 1166 180 1257 239; x_wconf 91' lang='lat' dir='ltr'>Pii</span> <span class='ocrx_word' id='word_1_521' title='bbox 1279 177 1355 240; x_wconf 82' lang='lat' dir='ltr'>V.</span> <span class='ocrx_word' id='word_1_522' title='bbox 1377 179 1498 265; x_wconf 85' lang='lat' dir='ltr'>sup.</span> <span class='ocrx_word' id='word_1_523' title='bbox 1519 184 1687 248; x_wconf 87' lang='lat' dir='ltr'>Cens.</span> <span class='ocrx_word' id='word_1_524' title='bbox 1882 214 1950 266; x_wconf 76' lang='lat'>49</span> <span class='ocrx_word' id='word_1_525' title='bbox 1959 215 1987 267; x_wconf 90' lang='lat'><em>3</em></span> 
     </span>
    </p>
   </div>
   <div class='ocr_carea' id='block_1_10' title="bbox 1043 268 1998 3043">
    <p class='ocr_par' dir='ltr' id='par_1_12' title="bbox 1043 268 1998 3043">
     <span class='ocr_line' id='line_1_77' title="bbox 1077 268 1996 326; baseline 0.015 -24"><span class='ocrx_word' id='word_1_526' title='bbox 1077 268 1269 304; x_wconf 89' lang='lat' dir='ltr'>consultum</span> <span class='ocrx_word' id='word_1_527' title='bbox 1285 297 1295 313; x_wconf 91' lang='lat'>‚</span> <span class='ocrx_word' id='word_1_528' title='bbox 1317 271 1351 306; x_wconf 74' lang='grc' dir='ltr'>δε</span> <span class='ocrx_word' id='word_1_529' title='bbox 1377 274 1546 318; x_wconf 88' lang='lat' dir='ltr'>provisum</span> <span class='ocrx_word' id='word_1_530' title='bbox 1572 276 1636 311; x_wconf 85' lang='lat' dir='ltr'>suit</span> <span class='ocrx_word' id='word_1_531' title='bbox 1650 303 1659 317; x_wconf 93' lang='lat'>,</span> <span class='ocrx_word' id='word_1_532' title='bbox 1679 277 1809 323; x_wconf 81' lang='lat' dir='ltr'>praefati</span> <span class='ocrx_word' id='word_1_533' title='bbox 1836 277 1942 326; x_wconf 84' lang='lat' dir='ltr'>Regis</span> <span class='ocrx_word' id='word_1_534' title='bbox 1961 282 1996 316; x_wconf 87' lang='lat' dir='ltr'>in</span> 
     </span>
     <span class='ocr_line' id='line_1_78' title="bbox 1077 314 1994 373; baseline 0.015 -24"><span class='ocrx_word' id='word_1_535' title='bbox 1077 314 1142 350; x_wconf 82' lang='lat' dir='ltr'>hac</span> <span class='ocrx_word' id='word_1_536' title='bbox 1157 328 1251 369; x_wconf 90' lang='lat' dir='ltr'>parte</span> <span class='ocrx_word' id='word_1_537' title='bbox 1261 318 1557 365; x_wconf 85' lang='lat' dir='ltr'>supplicationibus</span> <span class='ocrx_word' id='word_1_538' title='bbox 1574 323 1743 366; x_wconf 87' lang='lat' dir='ltr'>inclinati,</span> <span class='ocrx_word' id='word_1_539' title='bbox 1763 335 1828 361; x_wconf 90' lang='lat' dir='ltr'>tam</span> <span class='ocrx_word' id='word_1_540' title='bbox 1845 329 1994 373; x_wconf 82' lang='lat' dir='ltr'>ejusdem</span> 
     </span>
     <span class='ocr_line' id='line_1_79' title="bbox 1077 360 1992 418; baseline 0.015 -21"><span class='ocrx_word' id='word_1_541' title='bbox 1077 360 1184 411; x_wconf 87' lang='lat' dir='ltr'>Regis</span> <span class='ocrx_word' id='word_1_542' title='bbox 1196 390 1207 406; x_wconf 92' lang='lat'>‚</span> <span class='ocrx_word' id='word_1_543' title='bbox 1229 377 1328 413; x_wconf 87' lang='lat' dir='ltr'>quarn</span> <span class='ocrx_word' id='word_1_544' title='bbox 1346 366 1538 414; x_wconf 90' lang='lat' dir='ltr'>hujusmodi</span> <span class='ocrx_word' id='word_1_545' title='bbox 1561 369 1761 418; x_wconf 84' lang='lat' dir='ltr'>Regnorum</span> <span class='ocrx_word' id='word_1_546' title='bbox 1778 373 1904 410; x_wconf 83' lang='lat' dir='ltr'>Siciliae</span> <span class='ocrx_word' id='word_1_547' title='bbox 1917 401 1927 415; x_wconf 87' lang='lat'><em>‚</em></span> <span class='ocrx_word' id='word_1_548' title='bbox 1943 375 1992 410; x_wconf 88' lang='lat' dir='ltr'>ci-</span> 
     </span>
     <span class='ocr_line' id='line_1_80' title="bbox 1077 413 1991 467; baseline 0.014 -23"><span class='ocrx_word' id='word_1_549' title='bbox 1077 419 1127 445; x_wconf 87' lang='lat' dir='ltr'>tra</span> <span class='ocrx_word' id='word_1_550' title='bbox 1141 437 1150 451; x_wconf 92' lang='lat'>‚</span> <span class='ocrx_word' id='word_1_551' title='bbox 1166 414 1203 464; x_wconf 41' lang='grc' dir='ltr'>δι’</span> <span class='ocrx_word' id='word_1_552' title='bbox 1216 416 1301 448; x_wconf 87' lang='lat' dir='ltr'>ultra</span> <span class='ocrx_word' id='word_1_553' title='bbox 1317 413 1458 450; x_wconf 88' lang='lat' dir='ltr'>Pharum</span> <span class='ocrx_word' id='word_1_554' title='bbox 1476 418 1648 460; x_wconf 79' lang='lat' dir='ltr'>omnibus,</span> <span class='ocrx_word' id='word_1_555' title='bbox 1663 419 1696 454; x_wconf 70' lang='lat' dir='ltr'>ac</span> <span class='ocrx_word' id='word_1_556' title='bbox 1713 420 1845 467; x_wconf 81' lang='lat' dir='ltr'>singulis</span> <span class='ocrx_word' id='word_1_557' title='bbox 1860 422 1991 464; x_wconf 82' lang='lat' dir='ltr'>incolis,</span> 
     </span>
     <span class='ocr_line' id='line_1_81' title="bbox 1077 458 1992 509; baseline 0.013 -16"><span class='ocrx_word' id='word_1_558' title='bbox 1077 458 1110 493; x_wconf 86' lang='lat'>&amp;</span> <span class='ocrx_word' id='word_1_559' title='bbox 1127 458 1372 497; x_wconf 88' lang='lat' dir='ltr'>habitatoribus</span> <span class='ocrx_word' id='word_1_560' title='bbox 1383 489 1393 504; x_wconf 89' lang='lat'>‚</span> <span class='ocrx_word' id='word_1_561' title='bbox 1410 476 1450 498; x_wconf 89' lang='lat' dir='ltr'>ac</span> <span class='ocrx_word' id='word_1_562' title='bbox 1465 465 1619 501; x_wconf 87' lang='lat' dir='ltr'>locorum</span> <span class='ocrx_word' id='word_1_563' title='bbox 1637 467 1822 509; x_wconf 86' lang='lat' dir='ltr'>civitatum,</span> <span class='ocrx_word' id='word_1_564' title='bbox 1841 469 1875 503; x_wconf 74' lang='grc' dir='ltr'>ἀ</span> <span class='ocrx_word' id='word_1_565' title='bbox 1889 479 1992 505; x_wconf 87' lang='lat' dir='ltr'>terra-</span> 
     </span>
     <span class='ocr_line' id='line_1_82' title="bbox 1077 509 1991 562; baseline 0.015 -24"><span class='ocrx_word' id='word_1_566' title='bbox 1077 517 1147 562; x_wconf 69' lang='lat' dir='ltr'>rum</span> <span class='ocrx_word' id='word_1_567' title='bbox 1165 509 1436 559; x_wconf 83' lang='lat' dir='ltr'>universitatibus</span> <span class='ocrx_word' id='word_1_568' title='bbox 1451 512 1672 559; x_wconf 67' lang='lat' dir='ltr'>praesentibus</span> <span class='ocrx_word' id='word_1_569' title='bbox 1686 541 1696 554; x_wconf 80' lang='grc'><strong>.</strong></span> <span class='ocrx_word' id='word_1_570' title='bbox 1717 516 1751 552; x_wconf 71' lang='lat'>6:</span> <span class='ocrx_word' id='word_1_571' title='bbox 1768 514 1889 552; x_wconf 83' lang='lat' dir='ltr'>futuris</span> <span class='ocrx_word' id='word_1_572' title='bbox 1902 543 1911 557; x_wconf 91' lang='lat'>‚</span> <span class='ocrx_word' id='word_1_573' title='bbox 1927 516 1991 552; x_wconf 86' lang='lat' dir='ltr'>liu-</span> 
     </span>
     <span class='ocr_line' id='line_1_83' title="bbox 1073 552 1991 612; baseline 0.014 -27"><span class='ocrx_word' id='word_1_574' title='bbox 1073 552 1217 606; x_wconf 78' lang='lat' dir='ltr'>Jusmodi</span> <span class='ocrx_word' id='word_1_575' title='bbox 1240 556 1401 593; x_wconf 85' lang='lat' dir='ltr'>censualia</span> <span class='ocrx_word' id='word_1_576' title='bbox 1418 559 1517 607; x_wconf 86' lang='lat' dir='ltr'>super</span> <span class='ocrx_word' id='word_1_577' title='bbox 1535 563 1656 604; x_wconf 85' lang='lat' dir='ltr'>rebus,</span> <span class='ocrx_word' id='word_1_578' title='bbox 1675 563 1710 599; x_wconf 71' lang='grc' dir='ltr'>δε</span> <span class='ocrx_word' id='word_1_579' title='bbox 1725 564 1991 612; x_wconf 85' lang='lat' dir='ltr'>proprietatibus</span> 
     </span>
     <span class='ocr_line' id='line_1_84' title="bbox 1073 599 1990 652; baseline 0.013 -18"><span class='ocrx_word' id='word_1_580' title='bbox 1073 599 1140 652; x_wconf 79' lang='lat' dir='ltr'>suis</span> <span class='ocrx_word' id='word_1_581' title='bbox 1150 627 1161 642; x_wconf 91' lang='lat'>‚</span> <span class='ocrx_word' id='word_1_582' title='bbox 1184 613 1224 637; x_wconf 86' lang='lat' dir='ltr'>ac</span> <span class='ocrx_word' id='word_1_583' title='bbox 1242 602 1458 642; x_wconf 80' lang='lat' dir='ltr'>facultatibus</span> <span class='ocrx_word' id='word_1_584' title='bbox 1473 634 1482 648; x_wconf 83' lang='lat'><em>,</em></span> <span class='ocrx_word' id='word_1_585' title='bbox 1495 609 1529 643; x_wconf 68' lang='lat' dir='ltr'>cc</span> <span class='ocrx_word' id='word_1_586' title='bbox 1546 610 1780 647; x_wconf 84' lang='lat' dir='ltr'>emolumentis</span> <span class='ocrx_word' id='word_1_587' title='bbox 1793 611 1990 650; x_wconf 80' lang='lat' dir='ltr'>eorumdem</span> 
     </span>
     <span class='ocr_line' id='line_1_85' title="bbox 1072 649 1990 705; baseline 0.014 -24"><span class='ocrx_word' id='word_1_588' title='bbox 1072 649 1431 705; x_wconf 33' lang='lat' dir='ltr'>instrumento&#39;graiiae</span> <span class='ocrx_word' id='word_1_589' title='bbox 1445 666 1506 703; x_wconf 90' lang='lat' dir='ltr'>pro</span> <span class='ocrx_word' id='word_1_590' title='bbox 1522 657 1681 693; x_wconf 88' lang='lat' dir='ltr'>consimili</span> <span class='ocrx_word' id='word_1_591' title='bbox 1699 658 1810 705; x_wconf 84' lang='lat' dir='ltr'>pretio</span> <span class='ocrx_word' id='word_1_592' title='bbox 1829 659 1883 695; x_wconf 78' lang='lat' dir='ltr'>illa</span> <span class='ocrx_word' id='word_1_593' title='bbox 1905 658 1990 695; x_wconf 88' lang='lat' dir='ltr'>redi·</span> 
     </span>
     <span class='ocr_line' id='line_1_86' title="bbox 1074 697 1990 744; baseline 0.015 -14"><span class='ocrx_word' id='word_1_594' title='bbox 1074 697 1184 731; x_wconf 89' lang='lat' dir='ltr'>mendi</span> <span class='ocrx_word' id='word_1_595' title='bbox 1223 699 1388 736; x_wconf 82' lang='lat' dir='ltr'>mediante</span> <span class='ocrx_word' id='word_1_596' title='bbox 1415 727 1425 744; x_wconf 88' lang='lat'>,</span> <span class='ocrx_word' id='word_1_597' title='bbox 1467 703 1656 741; x_wconf 87' lang='lat' dir='ltr'>dummodo</span> <span class='ocrx_word' id='word_1_598' title='bbox 1694 706 1842 743; x_wconf 82' lang='lat' dir='ltr'>annualis</span> <span class='ocrx_word' id='word_1_599' title='bbox 1873 705 1990 744; x_wconf 78' lang='lat' dir='ltr'>census</span> 
     </span>
     <span class='ocr_line' id='line_1_87' title="bbox 1073 743 1991 804; baseline 0.016 -28"><span class='ocrx_word' id='word_1_600' title='bbox 1073 743 1265 790; x_wconf 74' lang='lat' dir='ltr'>hujusmodi</span> <span class='ocrx_word' id='word_1_601' title='bbox 1293 748 1493 785; x_wconf 87' lang='lat' dir='ltr'>censualium</span> <span class='ocrx_word' id='word_1_602' title='bbox 1525 750 1685 789; x_wconf 76' lang='lat' dir='ltr'>decimam</span> <span class='ocrx_word' id='word_1_603' title='bbox 1715 765 1840 802; x_wconf 86' lang='lat' dir='ltr'>partem</span> <span class='ocrx_word' id='word_1_604' title='bbox 1870 756 1991 804; x_wconf 88' lang='lat' dir='ltr'>princi·</span> 
     </span>
     <span class='ocr_line' id='line_1_88' title="bbox 1072 792 1988 879; baseline 0.014 -53"><span class='ocrx_word' id='word_1_605' title='bbox 1072 792 1152 837; x_wconf 87' lang='lat' dir='ltr'>palis</span> <span class='ocrx_word' id='word_1_606' title='bbox 1177 796 1302 846; x_wconf 76' lang='lat' dir='ltr'>recepti</span> <span class='ocrx_word' id='word_1_607' title='bbox 1325 822 1335 838; x_wconf 86' lang='lat'>,</span> <span class='ocrx_word' id='word_1_608' title='bbox 1360 796 1415 832; x_wconf 86' lang='lat' dir='ltr'>seu</span> <span class='ocrx_word' id='word_1_609' title='bbox 1448 798 1545 879; x_wconf 45' lang='grc' dir='ltr'>ζωὴ</span> <span class='ocrx_word' id='word_1_610' title='bbox 1575 801 1769 839; x_wconf 70' lang='lat' dir='ltr'>eorumden</span> <span class='ocrx_word' id='word_1_611' title='bbox 1800 815 1870 839; x_wconf 85' lang='lat' dir='ltr'>non</span> <span class='ocrx_word' id='word_1_612' title='bbox 1890 814 1988 839; x_wconf 85' lang='lat' dir='ltr'>exce-</span> 
     </span>
     <span class='ocr_line' id='line_1_89' title="bbox 1071 839 1989 891; baseline 0.014 -18"><span class='ocrx_word' id='word_1_613' title='bbox 1071 839 1129 875; x_wconf 85' lang='lat' dir='ltr'>dat</span> <span class='ocrx_word' id='word_1_614' title='bbox 1145 866 1155 882; x_wconf 95' lang='lat'>,</span> <span class='ocrx_word' id='word_1_615' title='bbox 1183 853 1268 877; x_wconf 85' lang='lat' dir='ltr'>inter</span> <span class='ocrx_word' id='word_1_616' title='bbox 1282 843 1314 878; x_wconf 90' lang='lat' dir='ltr'>se</span> <span class='ocrx_word' id='word_1_617' title='bbox 1329 855 1445 880; x_wconf 87' lang='lat' dir='ltr'>contra</span> <span class='ocrx_word' id='word_1_618' title='bbox 1492 846 1573 889; x_wconf 85' lang='lat' dir='ltr'>ndi,</span> <span class='ocrx_word' id='word_1_619' title='bbox 1598 849 1785 891; x_wconf 87' lang='lat' dir='ltr'>vendendi,</span> <span class='ocrx_word' id='word_1_620' title='bbox 1800 851 1835 886; x_wconf 72' lang='grc' dir='ltr'>ἁ</span> <span class='ocrx_word' id='word_1_621' title='bbox 1856 849 1989 889; x_wconf 85' lang='lat' dir='ltr'>emendi</span> 
     </span>
     <span class='ocr_line' id='line_1_90' title="bbox 1071 894 1989 941; baseline 0.015 -20"><span class='ocrx_word' id='word_1_622' title='bbox 1071 898 1147 922; x_wconf 91' lang='lat' dir='ltr'>cum</span> <span class='ocrx_word' id='word_1_623' title='bbox 1165 900 1334 941; x_wconf 80' lang='lat' dir='ltr'>oportuna</span> <span class='ocrx_word' id='word_1_624' title='bbox 1353 894 1623 930; x_wconf 85' lang='lat' dir='ltr'>contrahentium</span> <span class='ocrx_word' id='word_1_625' title='bbox 1639 895 1835 939; x_wconf 82' lang='lat' dir='ltr'>secui-itate,</span> <span class='ocrx_word' id='word_1_626' title='bbox 1856 899 1989 935; x_wconf 81' lang='lat' dir='ltr'>cautio-</span> 
     </span>
     <span class='ocr_line' id='line_1_91' title="bbox 1072 936 1988 990; baseline 0.015 -22"><span class='ocrx_word' id='word_1_627' title='bbox 1072 946 1114 969; x_wconf 90' lang='lat' dir='ltr'>ne</span> <span class='ocrx_word' id='word_1_628' title='bbox 1127 961 1136 976; x_wconf 94' lang='lat'>‚</span> <span class='ocrx_word' id='word_1_629' title='bbox 1155 937 1187 970; x_wconf 76' lang='grc' dir='ltr'>δι</span> <span class='ocrx_word' id='word_1_630' title='bbox 1209 936 1425 976; x_wconf 86' lang='lat' dir='ltr'>indemnitate</span> <span class='ocrx_word' id='word_1_631' title='bbox 1439 968 1447 981; x_wconf 85' lang='lat'>,</span> <span class='ocrx_word' id='word_1_632' title='bbox 1463 953 1503 976; x_wconf 82' lang='lat' dir='ltr'>ac</span> <span class='ocrx_word' id='word_1_633' title='bbox 1517 952 1593 976; x_wconf 84' lang='lat' dir='ltr'>cum</span> <span class='ocrx_word' id='word_1_634' title='bbox 1610 944 1779 989; x_wconf 81' lang='lat' dir='ltr'>potestate</span> <span class='ocrx_word' id='word_1_635' title='bbox 1792 946 1988 990; x_wconf 83' lang='lat' dir='ltr'>vendentes,</span> 
     </span>
     <span class='ocr_line' id='line_1_92' title="bbox 1071 984 1988 1040; baseline 0.016 -25"><span class='ocrx_word' id='word_1_636' title='bbox 1071 984 1236 1036; x_wconf 76' lang='lat' dir='ltr'>personas,</span> <span class='ocrx_word' id='word_1_637' title='bbox 1251 991 1435 1035; x_wconf 85' lang='lat' dir='ltr'>earumque</span> <span class='ocrx_word' id='word_1_638' title='bbox 1447 1000 1671 1037; x_wconf 77' lang='lat' dir='ltr'>proprietates</span> <span class='ocrx_word' id='word_1_639' title='bbox 1682 1017 1692 1032; x_wconf 83' lang='lat'>,</span> <span class='ocrx_word' id='word_1_640' title='bbox 1706 991 1833 1029; x_wconf 86' lang='lat' dir='ltr'>reditus</span> <span class='ocrx_word' id='word_1_641' title='bbox 1844 996 1919 1040; x_wconf 77' lang='lat' dir='ltr'>Jura</span> <span class='ocrx_word' id='word_1_642' title='bbox 1932 996 1988 1040; x_wconf 78' lang='lat' dir='ltr'>Ju-</span> 
     </span>
     <span class='ocr_line' id='line_1_93' title="bbox 1072 1030 1990 1088; baseline 0.015 -24"><span class='ocrx_word' id='word_1_643' title='bbox 1072 1030 1267 1083; x_wconf 41' lang='lat' dir='ltr'>ri-sdiclionis</span> <span class='ocrx_word' id='word_1_644' title='bbox 1287 1035 1402 1070; x_wconf 88' lang='lat' dir='ltr'>census</span> <span class='ocrx_word' id='word_1_645' title='bbox 1418 1063 1428 1078; x_wconf 86' lang='lat'>‚</span> <span class='ocrx_word' id='word_1_646' title='bbox 1449 1047 1489 1072; x_wconf 90' lang='lat' dir='ltr'>ac</span> <span class='ocrx_word' id='word_1_647' title='bbox 1509 1036 1619 1073; x_wconf 84' lang='lat' dir='ltr'>omnia</span> <span class='ocrx_word' id='word_1_648' title='bbox 1633 1065 1642 1080; x_wconf 86' lang='lat'>‚</span> <span class='ocrx_word' id='word_1_649' title='bbox 1667 1041 1701 1075; x_wconf 68' lang='grc' dir='ltr'>ὃ(</span> <span class='ocrx_word' id='word_1_650' title='bbox 1719 1039 1846 1088; x_wconf 73' lang='lat' dir='ltr'>singula</span> <span class='ocrx_word' id='word_1_651' title='bbox 1868 1040 1990 1078; x_wconf 82' lang='lat' dir='ltr'>immo-</span> 
     </span>
     <span class='ocr_line' id='line_1_94' title="bbox 1070 1078 1991 1133; baseline 0.017 -22"><span class='ocrx_word' id='word_1_652' title='bbox 1070 1078 1146 1130; x_wconf 80' lang='lat' dir='ltr'>bilia</span> <span class='ocrx_word' id='word_1_653' title='bbox 1170 1082 1257 1115; x_wconf 86' lang='lat' dir='ltr'>bona</span> <span class='ocrx_word' id='word_1_654' title='bbox 1280 1082 1452 1130; x_wconf 84' lang='lat' dir='ltr'>obligandi</span> <span class='ocrx_word' id='word_1_655' title='bbox 1479 1112 1488 1126; x_wconf 90' lang='lat'>‚</span> <span class='ocrx_word' id='word_1_656' title='bbox 1513 1088 1547 1121; x_wconf 68' lang='grc' dir='ltr'>ὃς</span> <span class='ocrx_word' id='word_1_657' title='bbox 1576 1086 1718 1133; x_wconf 82' lang='lat' dir='ltr'>obligari</span> <span class='ocrx_word' id='word_1_658' title='bbox 1737 1086 1883 1125; x_wconf 79' lang='lat' dir='ltr'>faciendi</span> <span class='ocrx_word' id='word_1_659' title='bbox 1906 1115 1917 1131; x_wconf 84' lang='lat'>‚</span> <span class='ocrx_word' id='word_1_660' title='bbox 1948 1100 1991 1126; x_wconf 78' lang='lat' dir='ltr'>ac</span> 
     </span>
     <span class='ocr_line' id='line_1_95' title="bbox 1070 1129 1992 1178; baseline 0.017 -19"><span class='ocrx_word' id='word_1_661' title='bbox 1070 1137 1166 1170; x_wconf 83' lang='lat' dir='ltr'>etiarn</span> <span class='ocrx_word' id='word_1_662' title='bbox 1183 1129 1400 1178; x_wconf 80' lang='lat' dir='ltr'>quascunque</span> <span class='ocrx_word' id='word_1_663' title='bbox 1413 1131 1490 1167; x_wconf 82' lang='lat' dir='ltr'>alias</span> <span class='ocrx_word' id='word_1_664' title='bbox 1505 1134 1731 1178; x_wconf 80' lang='lat' dir='ltr'>obligationes</span> <span class='ocrx_word' id='word_1_665' title='bbox 1743 1164 1752 1176; x_wconf 85' lang='lat'><em>.</em></span> <span class='ocrx_word' id='word_1_666' title='bbox 1768 1137 1801 1173; x_wconf 68' lang='grc' dir='ltr'>ὅ(</span> <span class='ocrx_word' id='word_1_667' title='bbox 1811 1136 1992 1175; x_wconf 83' lang='lat' dir='ltr'>submissio-</span> 
     </span>
     <span class='ocr_line' id='line_1_96' title="bbox 1068 1175 1993 1226; baseline 0.015 -19"><span class='ocrx_word' id='word_1_668' title='bbox 1068 1185 1127 1208; x_wconf 90' lang='lat' dir='ltr'>nes</span> <span class='ocrx_word' id='word_1_669' title='bbox 1153 1175 1387 1226; x_wconf 73' lang='lat' dir='ltr'>cujuscunque</span> <span class='ocrx_word' id='word_1_670' title='bbox 1412 1178 1490 1216; x_wconf 89' lang='lat' dir='ltr'>foro</span> <span class='ocrx_word' id='word_1_671' title='bbox 1510 1206 1521 1222; x_wconf 83' lang='lat'>‚</span> <span class='ocrx_word' id='word_1_672' title='bbox 1553 1193 1615 1216; x_wconf 86' lang='lat' dir='ltr'>nec</span> <span class='ocrx_word' id='word_1_673' title='bbox 1637 1194 1705 1218; x_wconf 84' lang='lat' dir='ltr'>non</span> <span class='ocrx_word' id='word_1_674' title='bbox 1727 1185 1993 1223; x_wconf 75' lang='lat' dir='ltr'>renuntiationes</span> 
     </span>
     <span class='ocr_line' id='line_1_97' title="bbox 1071 1225 1998 1277; baseline 0.014 -21"><span class='ocrx_word' id='word_1_675' title='bbox 1071 1225 1296 1274; x_wconf 78' lang='lat' dir='ltr'>promiffiones</span> <span class='ocrx_word' id='word_1_676' title='bbox 1321 1228 1551 1273; x_wconf 68' lang='lat' dir='ltr'>stipulationes</span> <span class='ocrx_word' id='word_1_677' title='bbox 1572 1231 1682 1276; x_wconf 80' lang='lat' dir='ltr'>poetiis</span> <span class='ocrx_word' id='word_1_678' title='bbox 1696 1257 1706 1272; x_wconf 89' lang='lat'><strong>‚</strong></span> <span class='ocrx_word' id='word_1_679' title='bbox 1726 1233 1941 1277; x_wconf 65' lang='lat' dir='ltr'>juramentis,</span> <span class='ocrx_word' id='word_1_680' title='bbox 1956 1234 1998 1269; x_wconf 63' lang='grc'>8·</span> 
     </span>
     <span class='ocr_line' id='line_1_98' title="bbox 1069 1270 1992 1330; baseline 0.017 -28"><span class='ocrx_word' id='word_1_681' title='bbox 1069 1270 1138 1304; x_wconf 85' lang='lat' dir='ltr'>aliis</span> <span class='ocrx_word' id='word_1_682' title='bbox 1162 1273 1374 1310; x_wconf 84' lang='lat' dir='ltr'>cautionibus</span> <span class='ocrx_word' id='word_1_683' title='bbox 1401 1277 1538 1311; x_wconf 82' lang='lat' dir='ltr'>vallatus</span> <span class='ocrx_word' id='word_1_684' title='bbox 1558 1303 1568 1318; x_wconf 75' lang='lat'>,</span> <span class='ocrx_word' id='word_1_685' title='bbox 1590 1279 1624 1314; x_wconf 77' lang='grc' dir='ltr'>δι</span> <span class='ocrx_word' id='word_1_686' title='bbox 1648 1279 1710 1314; x_wconf 86' lang='lat' dir='ltr'>alia</span> <span class='ocrx_word' id='word_1_687' title='bbox 1738 1290 1960 1330; x_wconf 71' lang='lat' dir='ltr'>quaecunque</span> <span class='ocrx_word' id='word_1_688' title='bbox 1979 1307 1992 1324; x_wconf 89' lang='lat'><em>‚</em></span> 
     </span>
     <span class='ocr_line' id='line_1_99' title="bbox 1067 1317 1992 1374; baseline 0.015 -23"><span class='ocrx_word' id='word_1_689' title='bbox 1067 1317 1112 1351; x_wconf 94' lang='lat' dir='ltr'>de</span> <span class='ocrx_word' id='word_1_690' title='bbox 1126 1320 1252 1371; x_wconf 86' lang='lat' dir='ltr'>quibus</span> <span class='ocrx_word' id='word_1_691' title='bbox 1265 1322 1350 1356; x_wconf 83' lang='lat' dir='ltr'>inter</span> <span class='ocrx_word' id='word_1_692' title='bbox 1365 1334 1510 1359; x_wconf 80' lang='lat' dir='ltr'>ementes</span> <span class='ocrx_word' id='word_1_693' title='bbox 1522 1350 1531 1364; x_wconf 92' lang='lat'>,</span> <span class='ocrx_word' id='word_1_694' title='bbox 1548 1328 1581 1362; x_wconf 74' lang='grc' dir='ltr'>δε</span> <span class='ocrx_word' id='word_1_695' title='bbox 1597 1328 1781 1362; x_wconf 83' lang='lat' dir='ltr'>vendentes</span> <span class='ocrx_word' id='word_1_696' title='bbox 1796 1328 1992 1374; x_wconf 80' lang='lat' dir='ltr'>hujusmodi</span> 
     </span>
     <span class='ocr_line' id='line_1_100' title="bbox 1070 1367 1990 1420; baseline 0.013 -20"><span class='ocrx_word' id='word_1_697' title='bbox 1070 1367 1229 1419; x_wconf 73' lang='lat' dir='ltr'>censualia</span> <span class='ocrx_word' id='word_1_698' title='bbox 1242 1380 1445 1406; x_wconf 86' lang='lat' dir='ltr'>conventum</span> <span class='ocrx_word' id='word_1_699' title='bbox 1460 1399 1469 1413; x_wconf 94' lang='lat'>‚</span> <span class='ocrx_word' id='word_1_700' title='bbox 1485 1373 1518 1408; x_wconf 89' lang='lat'>&amp;</span> <span class='ocrx_word' id='word_1_701' title='bbox 1533 1372 1565 1407; x_wconf 90' lang='lat' dir='ltr'>in</span> <span class='ocrx_word' id='word_1_702' title='bbox 1579 1374 1709 1420; x_wconf 72' lang='lat' dir='ltr'>pastum</span> <span class='ocrx_word' id='word_1_703' title='bbox 1721 1375 1904 1411; x_wconf 62' lang='lat' dir='ltr'>deductum</span> <span class='ocrx_word' id='word_1_704' title='bbox 1915 1375 1990 1412; x_wconf 80' lang='lat' dir='ltr'>fue-</span> 
     </span>
     <span class='ocr_line' id='line_1_101' title="bbox 1068 1415 1989 1472; baseline 0.015 -25"><span class='ocrx_word' id='word_1_705' title='bbox 1068 1425 1121 1454; x_wconf 90' lang='lat' dir='ltr'>rit,</span> <span class='ocrx_word' id='word_1_706' title='bbox 1134 1415 1263 1461; x_wconf 83' lang='lat' dir='ltr'>plenam</span> <span class='ocrx_word' id='word_1_707' title='bbox 1278 1417 1454 1460; x_wconf 78' lang='lat' dir='ltr'>leentiam,</span> <span class='ocrx_word' id='word_1_708' title='bbox 1472 1422 1504 1454; x_wconf 88' lang='lat'>&amp;</span> <span class='ocrx_word' id='word_1_709' title='bbox 1522 1420 1655 1457; x_wconf 81' lang='lat' dir='ltr'>liberam</span> <span class='ocrx_word' id='word_1_710' title='bbox 1674 1423 1875 1459; x_wconf 67' lang='lat' dir='ltr'>auctoritate</span> <span class='ocrx_word' id='word_1_711' title='bbox 1888 1426 1989 1472; x_wconf 83' lang='lat' dir='ltr'>Apo·-</span> 
     </span>
     <span class='ocr_line' id='line_1_102' title="bbox 1067 1461 1995 1514; baseline 0.014 -19"><span class='ocrx_word' id='word_1_712' title='bbox 1067 1461 1183 1497; x_wconf 82' lang='lat' dir='ltr'>ssolica</span> <span class='ocrx_word' id='word_1_713' title='bbox 1222 1475 1340 1500; x_wconf 85' lang='lat' dir='ltr'>tenore</span> <span class='ocrx_word' id='word_1_714' title='bbox 1376 1468 1587 1514; x_wconf 81' lang='lat' dir='ltr'>praesentium</span> <span class='ocrx_word' id='word_1_715' title='bbox 1629 1470 1850 1507; x_wconf 84' lang='lat' dir='ltr'>concedimus</span> <span class='ocrx_word' id='word_1_716' title='bbox 1879 1471 1995 1508; x_wconf 79' lang='lat' dir='ltr'>facul·</span> 
     </span>
     <span class='ocr_line' id='line_1_103' title="bbox 1066 1519 1180 1545; baseline 0.026 -3"><span class='ocrx_word' id='word_1_717' title='bbox 1066 1519 1180 1545; x_wconf 87' lang='lat' dir='ltr'>tatem.</span> 
     </span>
     <span class='ocr_line' id='line_1_104' title="bbox 1115 1559 1988 1611; baseline 0.015 -21"><span class='ocrx_word' id='word_1_718' title='bbox 1115 1559 1346 1595; x_wconf 85' lang='lat' dir='ltr'>Decernentes</span> <span class='ocrx_word' id='word_1_719' title='bbox 1364 1589 1373 1602; x_wconf 93' lang='lat'>‚</span> <span class='ocrx_word' id='word_1_720' title='bbox 1393 1562 1427 1596; x_wconf 69' lang='grc' dir='ltr'>ὅ(</span> <span class='ocrx_word' id='word_1_721' title='bbox 1450 1563 1656 1599; x_wconf 79' lang='lat' dir='ltr'>declarantes</span> <span class='ocrx_word' id='word_1_722' title='bbox 1669 1591 1680 1606; x_wconf 86' lang='lat'>‚</span> <span class='ocrx_word' id='word_1_723' title='bbox 1696 1563 1830 1602; x_wconf 86' lang='lat' dir='ltr'>eosdem</span> <span class='ocrx_word' id='word_1_724' title='bbox 1847 1565 1988 1611; x_wconf 77' lang='lat' dir='ltr'>incolas,</span> 
     </span>
     <span class='ocr_line' id='line_1_105' title="bbox 1066 1606 1988 1650; baseline 0.013 -11"><span class='ocrx_word' id='word_1_725' title='bbox 1066 1606 1098 1639; x_wconf 78' lang='grc' dir='ltr'>ἀ</span> <span class='ocrx_word' id='word_1_726' title='bbox 1121 1606 1322 1642; x_wconf 71' lang='lat' dir='ltr'>habitatores</span> <span class='ocrx_word' id='word_1_727' title='bbox 1336 1622 1373 1643; x_wconf 79' lang='lat' dir='ltr'>ac</span> <span class='ocrx_word' id='word_1_728' title='bbox 1389 1611 1562 1646; x_wconf 82' lang='lat' dir='ltr'>civitatum</span> <span class='ocrx_word' id='word_1_729' title='bbox 1575 1638 1582 1649; x_wconf 80' lang='lat'>,</span> <span class='ocrx_word' id='word_1_730' title='bbox 1602 1614 1635 1647; x_wconf 75' lang='grc' dir='ltr'>δε</span> <span class='ocrx_word' id='word_1_731' title='bbox 1651 1623 1812 1649; x_wconf 87' lang='lat' dir='ltr'>tertarum</span> <span class='ocrx_word' id='word_1_732' title='bbox 1824 1615 1988 1650; x_wconf 83' lang='lat' dir='ltr'>universi·</span> 
     </span>
     <span class='ocr_line' id='line_1_106' title="bbox 1066 1655 1989 1711; baseline 0.014 -26"><span class='ocrx_word' id='word_1_733' title='bbox 1066 1664 1150 1705; x_wconf 68' lang='lat' dir='ltr'>taxes</span> <span class='ocrx_word' id='word_1_734' title='bbox 1163 1655 1327 1706; x_wconf 86' lang='lat' dir='ltr'>censualia</span> <span class='ocrx_word' id='word_1_735' title='bbox 1349 1657 1485 1703; x_wconf 73' lang='lat' dir='ltr'>praefata</span> <span class='ocrx_word' id='word_1_736' title='bbox 1508 1659 1612 1695; x_wconf 90' lang='lat' dir='ltr'>modo</span> <span class='ocrx_word' id='word_1_737' title='bbox 1629 1660 1794 1707; x_wconf 82' lang='lat' dir='ltr'>praemisso</span> <span class='ocrx_word' id='word_1_738' title='bbox 1811 1663 1843 1707; x_wconf 77' lang='lat' dir='ltr'>in</span> <span class='ocrx_word' id='word_1_739' title='bbox 1857 1662 1989 1711; x_wconf 77' lang='lat' dir='ltr'>Regnis</span> 
     </span>
     <span class='ocr_line' id='line_1_107' title="bbox 1064 1702 1985 1753; baseline 0.013 -19"><span class='ocrx_word' id='word_1_740' title='bbox 1064 1702 1142 1753; x_wconf 83' lang='lat' dir='ltr'>ipsis</span> <span class='ocrx_word' id='word_1_741' title='bbox 1159 1703 1284 1738; x_wconf 67' lang='lat' dir='ltr'>Siciliae</span> <span class='ocrx_word' id='word_1_742' title='bbox 1310 1709 1391 1740; x_wconf 88' lang='lat' dir='ltr'>citra</span> <span class='ocrx_word' id='word_1_743' title='bbox 1406 1733 1414 1747; x_wconf 96' lang='lat'>‚</span> <span class='ocrx_word' id='word_1_744' title='bbox 1438 1708 1472 1742; x_wconf 74' lang='grc' dir='ltr'>δε</span> <span class='ocrx_word' id='word_1_745' title='bbox 1489 1707 1575 1741; x_wconf 87' lang='lat' dir='ltr'>ultra</span> <span class='ocrx_word' id='word_1_746' title='bbox 1593 1708 1735 1744; x_wconf 87' lang='lat' dir='ltr'>Pharum</span> <span class='ocrx_word' id='word_1_747' title='bbox 1748 1709 1851 1745; x_wconf 89' lang='lat' dir='ltr'>libere</span> <span class='ocrx_word' id='word_1_748' title='bbox 1866 1737 1875 1750; x_wconf 82' lang='grc'>,</span> <span class='ocrx_word' id='word_1_749' title='bbox 1891 1713 1925 1747; x_wconf 73' lang='grc' dir='ltr'>δι</span> <span class='ocrx_word' id='word_1_750' title='bbox 1943 1711 1985 1746; x_wconf 87' lang='lat' dir='ltr'>ii-</span> 
     </span>
     <span class='ocr_line' id='line_1_108' title="bbox 1062 1753 1986 1805; baseline 0.013 -22"><span class='ocrx_word' id='word_1_751' title='bbox 1062 1760 1133 1783; x_wconf 91' lang='lat' dir='ltr'>cite</span> <span class='ocrx_word' id='word_1_752' title='bbox 1150 1753 1349 1796; x_wconf 81' lang='lat' dir='ltr'>contrahere</span> <span class='ocrx_word' id='word_1_753' title='bbox 1362 1780 1371 1793; x_wconf 78' lang='lat'>‚</span> <span class='ocrx_word' id='word_1_754' title='bbox 1389 1766 1428 1788; x_wconf 86' lang='lat' dir='ltr'>ac</span> <span class='ocrx_word' id='word_1_755' title='bbox 1447 1765 1565 1795; x_wconf 83' lang='lat' dir='ltr'>emere,</span> <span class='ocrx_word' id='word_1_756' title='bbox 1582 1757 1616 1790; x_wconf 70' lang='grc' dir='ltr'>ὅς</span> <span class='ocrx_word' id='word_1_757' title='bbox 1634 1757 1779 1792; x_wconf 89' lang='lat' dir='ltr'>vendere</span> <span class='ocrx_word' id='word_1_758' title='bbox 1794 1758 1887 1805; x_wconf 69' lang='lat' dir='ltr'>poss&#39;e</span> <span class='ocrx_word' id='word_1_759' title='bbox 1901 1786 1911 1801; x_wconf 86' lang='lat'>‚</span> <span class='ocrx_word' id='word_1_760' title='bbox 1928 1772 1986 1795; x_wconf 87' lang='lat' dir='ltr'>ne·</span> 
     </span>
     <span class='ocr_line' id='line_1_109' title="bbox 1060 1801 1983 1851; baseline 0.014 -21"><span class='ocrx_word' id='word_1_761' title='bbox 1060 1808 1130 1844; x_wconf 86' lang='lat' dir='ltr'>que</span> <span class='ocrx_word' id='word_1_762' title='bbox 1149 1809 1326 1844; x_wconf 84' lang='lat' dir='ltr'>propterea</span> <span class='ocrx_word' id='word_1_763' title='bbox 1345 1801 1519 1837; x_wconf 84' lang='lat' dir='ltr'>usurariam</span> <span class='ocrx_word' id='word_1_764' title='bbox 1537 1804 1737 1851; x_wconf 87' lang='lat' dir='ltr'>pravitatem</span> <span class='ocrx_word' id='word_1_765' title='bbox 1757 1807 1983 1844; x_wconf 84' lang='lat' dir='ltr'>committere.</span> 
     </span>
     <span class='ocr_line' id='line_1_110' title="bbox 1072 1846 1982 1903; baseline 0.013 -23"><span class='ocrx_word' id='word_1_766' title='bbox 1072 1892 1077 1897; x_wconf 22' lang='grc' dir='ltr'><em>ς</em></span> <span class='ocrx_word' id='word_1_767' title='bbox 1107 1846 1307 1882; x_wconf 82' lang='lat' dir='ltr'>Dummodo</span> <span class='ocrx_word' id='word_1_768' title='bbox 1321 1849 1398 1883; x_wconf 84' lang='lat' dir='ltr'>alias</span> <span class='ocrx_word' id='word_1_769' title='bbox 1411 1877 1420 1892; x_wconf 84' lang='lat'>‚</span> <span class='ocrx_word' id='word_1_770' title='bbox 1439 1861 1539 1896; x_wconf 85' lang='lat' dir='ltr'>quarn</span> <span class='ocrx_word' id='word_1_771' title='bbox 1556 1863 1593 1885; x_wconf 92' lang='lat' dir='ltr'>ut</span> <span class='ocrx_word' id='word_1_772' title='bbox 1608 1854 1845 1898; x_wconf 79' lang='lat' dir='ltr'>praemittitur,</span> <span class='ocrx_word' id='word_1_773' title='bbox 1863 1856 1982 1903; x_wconf 86' lang='lat' dir='ltr'>quod-</span> 
     </span>
     <span class='ocr_line' id='line_1_111' title="bbox 1058 1892 1978 1950; baseline 0.013 -24"><span class='ocrx_word' id='word_1_774' title='bbox 1058 1892 1139 1928; x_wconf 89' lang='lat' dir='ltr'>libet</span> <span class='ocrx_word' id='word_1_775' title='bbox 1156 1905 1303 1930; x_wconf 84' lang='lat' dir='ltr'>annuurn</span> <span class='ocrx_word' id='word_1_776' title='bbox 1318 1897 1469 1932; x_wconf 82' lang='lat' dir='ltr'>censuale</span> <span class='ocrx_word' id='word_1_777' title='bbox 1486 1901 1648 1934; x_wconf 89' lang='lat' dir='ltr'>decimam</span> <span class='ocrx_word' id='word_1_778' title='bbox 1674 1912 1800 1946; x_wconf 89' lang='lat' dir='ltr'>partem</span> <span class='ocrx_word' id='word_1_779' title='bbox 1823 1904 1978 1950; x_wconf 82' lang='lat' dir='ltr'>recepti,</span> 
     </span>
     <span class='ocr_line' id='line_1_112' title="bbox 1056 1941 1978 1998; baseline 0.015 -25"><span class='ocrx_word' id='word_1_780' title='bbox 1056 1941 1111 1974; x_wconf 86' lang='lat' dir='ltr'>seii</span> <span class='ocrx_word' id='word_1_781' title='bbox 1128 1942 1229 1992; x_wconf 82' lang='lat' dir='ltr'>pretii</span> <span class='ocrx_word' id='word_1_782' title='bbox 1251 1945 1564 1993; x_wconf 81' lang='lat' dir='ltr'>venditionis&#39;ipfius</span> <span class='ocrx_word' id='word_1_783' title='bbox 1583 1959 1652 1982; x_wconf 91' lang='lat' dir='ltr'>non</span> <span class='ocrx_word' id='word_1_784' title='bbox 1676 1950 1835 1990; x_wconf 85' lang='lat' dir='ltr'>excedat,</span> <span class='ocrx_word' id='word_1_785' title='bbox 1850 1950 1883 1985; x_wconf 70' lang='grc' dir='ltr'>δε</span> <span class='ocrx_word' id='word_1_786' title='bbox 1897 1963 1978 1998; x_wconf 86' lang='lat' dir='ltr'>pen-</span> 
     </span>
     <span class='ocr_line' id='line_1_113' title="bbox 1056 1989 1976 2034; baseline 0.013 -12"><span class='ocrx_word' id='word_1_787' title='bbox 1056 1989 1202 2024; x_wconf 79' lang='lat' dir='ltr'>fionibus</span> <span class='ocrx_word' id='word_1_788' title='bbox 1219 2016 1228 2030; x_wconf 90' lang='lat'><strong>‚</strong></span> <span class='ocrx_word' id='word_1_789' title='bbox 1253 1990 1306 2025; x_wconf 82' lang='lat' dir='ltr'>seu</span> <span class='ocrx_word' id='word_1_790' title='bbox 1325 1995 1521 2028; x_wconf 85' lang='lat' dir='ltr'>annualibus</span> <span class='ocrx_word' id='word_1_791' title='bbox 1543 1995 1674 2030; x_wconf 88' lang='lat' dir='ltr'>illorum</span> <span class='ocrx_word' id='word_1_792' title='bbox 1700 1997 1733 2031; x_wconf 90' lang='lat' dir='ltr'>in</span> <span class='ocrx_word' id='word_1_793' title='bbox 1758 1997 1878 2033; x_wconf 87' lang='lat' dir='ltr'>sortem</span> <span class='ocrx_word' id='word_1_794' title='bbox 1905 2011 1976 2034; x_wconf 87' lang='lat' dir='ltr'>non</span> 
     </span>
     <span class='ocr_line' id='line_1_114' title="bbox 1053 2038 1974 2093; baseline 0.012 -22"><span class='ocrx_word' id='word_1_795' title='bbox 1053 2038 1257 2088; x_wconf 88' lang='lat' dir='ltr'>computatis</span> <span class='ocrx_word' id='word_1_796' title='bbox 1273 2067 1280 2079; x_wconf 88' lang='lat'>,</span> <span class='ocrx_word' id='word_1_797' title='bbox 1300 2053 1362 2087; x_wconf 84' lang='lat' dir='ltr'>pro</span> <span class='ocrx_word' id='word_1_798' title='bbox 1380 2042 1475 2076; x_wconf 79' lang='lat' dir='ltr'>totali</span> <span class='ocrx_word' id='word_1_799' title='bbox 1488 2042 1721 2090; x_wconf 84' lang='lat' dir='ltr'>redemptione</span> <span class='ocrx_word' id='word_1_800' title='bbox 1731 2056 1870 2093; x_wconf 90' lang='lat' dir='ltr'>propter</span> <span class='ocrx_word' id='word_1_801' title='bbox 1882 2047 1974 2093; x_wconf 90' lang='lat' dir='ltr'>prin-</span> 
     </span>
     <span class='ocr_line' id='line_1_115' title="bbox 1051 2085 1974 2142; baseline 0.013 -23"><span class='ocrx_word' id='word_1_802' title='bbox 1051 2085 1190 2131; x_wconf 83' lang='lat' dir='ltr'>cipalem</span> <span class='ocrx_word' id='word_1_803' title='bbox 1208 2086 1265 2119; x_wconf 84' lang='lat' dir='ltr'>siiir</span> <span class='ocrx_word' id='word_1_804' title='bbox 1278 2100 1359 2121; x_wconf 77' lang='lat' dir='ltr'>marii</span> <span class='ocrx_word' id='word_1_805' title='bbox 1380 2089 1461 2123; x_wconf 87' lang='lat' dir='ltr'>nihil</span> <span class='ocrx_word' id='word_1_806' title='bbox 1479 2091 1563 2126; x_wconf 89' lang='lat' dir='ltr'>ultra</span> <span class='ocrx_word' id='word_1_807' title='bbox 1576 2092 1780 2139; x_wconf 85' lang='lat' dir='ltr'>percipiatur</span> <span class='ocrx_word' id='word_1_808' title='bbox 1789 2095 1833 2129; x_wconf 84' lang='lat' dir='ltr'>ab</span> <span class='ocrx_word' id='word_1_809' title='bbox 1843 2105 1974 2142; x_wconf 80' lang='lat' dir='ltr'>empto-</span> 
     </span>
     <span class='ocr_line' id='line_1_116' title="bbox 1051 2133 1649 2174; baseline 0.013 -8"><span class='ocrx_word' id='word_1_810' title='bbox 1051 2144 1104 2173; x_wconf 88' lang='lat' dir='ltr'>re,</span> <span class='ocrx_word' id='word_1_811' title='bbox 1127 2133 1179 2166; x_wconf 92' lang='lat' dir='ltr'>vel</span> <span class='ocrx_word' id='word_1_812' title='bbox 1203 2135 1397 2170; x_wconf 79' lang='lat' dir='ltr'>exhibeatur</span> <span class='ocrx_word' id='word_1_813' title='bbox 1419 2140 1437 2172; x_wconf 79' lang='lat' dir='ltr'>a</span> <span class='ocrx_word' id='word_1_814' title='bbox 1461 2139 1649 2174; x_wconf 46' lang='lat' dir='ltr'>venditore.</span> 
     </span>
     <span class='ocr_line' id='line_1_117' title="bbox 1067 2180 1974 2232; baseline 0.012 -18"><span class='ocrx_word' id='word_1_815' title='bbox 1067 2226 1074 2232; x_wconf 30' lang='lat'><em>⁶</em></span> <span class='ocrx_word' id='word_1_816' title='bbox 1098 2180 1181 2215; x_wconf 92' lang='lat' dir='ltr'>Non</span> <span class='ocrx_word' id='word_1_817' title='bbox 1205 2183 1411 2219; x_wconf 76' lang='lat' dir='ltr'>obstantibus</span> <span class='ocrx_word' id='word_1_818' title='bbox 1433 2186 1757 2231; x_wconf 84' lang='lat' dir='ltr'>constitutionibus,</span> <span class='ocrx_word' id='word_1_819' title='bbox 1781 2189 1816 2225; x_wconf 68' lang='grc' dir='ltr'>ὃ(</span> <span class='ocrx_word' id='word_1_820' title='bbox 1837 2188 1974 2225; x_wconf 82' lang='lat' dir='ltr'>ordina-</span> 
     </span>
     <span class='ocr_line' id='line_1_118' title="bbox 1050 2229 1973 2282; baseline 0.014 -21"><span class='ocrx_word' id='word_1_821' title='bbox 1050 2229 1200 2281; x_wconf 82' lang='lat' dir='ltr'>tionibus</span> <span class='ocrx_word' id='word_1_822' title='bbox 1217 2256 1226 2270; x_wconf 84' lang='lat'>,</span> <span class='ocrx_word' id='word_1_823' title='bbox 1245 2232 1486 2282; x_wconf 69' lang='lat' dir='ltr'>ac⁴privilegiis</span> <span class='ocrx_word' id='word_1_824' title='bbox 1509 2236 1740 2281; x_wconf 80' lang='lat' dir='ltr'>Apostolicis‚</span> <span class='ocrx_word' id='word_1_825' title='bbox 1765 2249 1828 2272; x_wconf 88' lang='lat' dir='ltr'>nec</span> <span class='ocrx_word' id='word_1_826' title='bbox 1848 2250 1916 2273; x_wconf 89' lang='lat' dir='ltr'>nori</span> <span class='ocrx_word' id='word_1_827' title='bbox 1937 2240 1973 2274; x_wconf 75' lang='grc' dir='ltr'>δε</span> 
     </span>
     <span class='ocr_line' id='line_1_119' title="bbox 1048 2276 1971 2330; baseline 0.015 -21"><span class='ocrx_word' id='word_1_828' title='bbox 1048 2276 1177 2328; x_wconf 72' lang='lat' dir='ltr'>statutis</span> <span class='ocrx_word' id='word_1_829' title='bbox 1189 2277 1457 2325; x_wconf 78' lang='lat' dir='ltr'>municipalibus.</span> <span class='ocrx_word' id='word_1_830' title='bbox 1477 2284 1529 2316; x_wconf 90' lang='lat' dir='ltr'>vel</span> <span class='ocrx_word' id='word_1_831' title='bbox 1550 2285 1727 2330; x_wconf 69' lang='lat' dir='ltr'>regalibus,</span> <span class='ocrx_word' id='word_1_832' title='bbox 1743 2288 1777 2321; x_wconf 78' lang='grc' dir='ltr'>δε</span> <span class='ocrx_word' id='word_1_833' title='bbox 1790 2285 1971 2322; x_wconf 88' lang='lat' dir='ltr'>consuetu-</span> 
     </span>
     <span class='ocr_line' id='line_1_120' title="bbox 1048 2324 1972 2381; baseline 0.014 -25"><span class='ocrx_word' id='word_1_834' title='bbox 1048 2324 1182 2376; x_wconf 84' lang='lat' dir='ltr'>dinibus</span> <span class='ocrx_word' id='word_1_835' title='bbox 1205 2326 1378 2361; x_wconf 82' lang='lat' dir='ltr'>civitarum</span> <span class='ocrx_word' id='word_1_836' title='bbox 1393 2356 1402 2370; x_wconf 85' lang='lat'>,</span> <span class='ocrx_word' id='word_1_837' title='bbox 1427 2331 1460 2364; x_wconf 75' lang='grc' dir='ltr'>δε</span> <span class='ocrx_word' id='word_1_838' title='bbox 1480 2341 1639 2366; x_wconf 87' lang='lat' dir='ltr'>tetrarum</span> <span class='ocrx_word' id='word_1_839' title='bbox 1661 2332 1861 2380; x_wconf 85' lang='lat' dir='ltr'>Regnorum</span> <span class='ocrx_word' id='word_1_840' title='bbox 1884 2346 1972 2381; x_wconf 88' lang='lat' dir='ltr'>prae·</span> 
     </span>
     <span class='ocr_line' id='line_1_121' title="bbox 1046 2371 1970 2423; baseline 0.014 -18"><span class='ocrx_word' id='word_1_841' title='bbox 1046 2371 1212 2407; x_wconf 69' lang='lat' dir='ltr'>distorum</span> <span class='ocrx_word' id='word_1_842' title='bbox 1237 2374 1361 2411; x_wconf 75' lang='lat' dir='ltr'>Sicilia:</span> <span class='ocrx_word' id='word_1_843' title='bbox 1383 2378 1488 2418; x_wconf 77' lang='lat' dir='ltr'>citra,</span> <span class='ocrx_word' id='word_1_844' title='bbox 1512 2380 1546 2414; x_wconf 84' lang='lat'>&amp;</span> <span class='ocrx_word' id='word_1_845' title='bbox 1565 2379 1652 2415; x_wconf 76' lang='lat' dir='ltr'>ultra</span> <span class='ocrx_word' id='word_1_846' title='bbox 1675 2379 1819 2416; x_wconf 84' lang='lat' dir='ltr'>Pharum</span> <span class='ocrx_word' id='word_1_847' title='bbox 1834 2408 1844 2423; x_wconf 89' lang='lat'>,</span> <span class='ocrx_word' id='word_1_848' title='bbox 1870 2383 1970 2418; x_wconf 87' lang='lat' dir='ltr'>etiam</span> 
     </span>
     <span class='ocr_line' id='line_1_122' title="bbox 1046 2421 1970 2478; baseline 0.014 -26"><span class='ocrx_word' id='word_1_849' title='bbox 1046 2421 1234 2466; x_wconf 87' lang='lat' dir='ltr'>juramento</span> <span class='ocrx_word' id='word_1_850' title='bbox 1248 2449 1257 2463; x_wconf 87' lang='lat'><strong>‚</strong></span> <span class='ocrx_word' id='word_1_851' title='bbox 1277 2424 1535 2461; x_wconf 51' lang='lat' dir='ltr'>cor-firmatione</span> <span class='ocrx_word' id='word_1_852' title='bbox 1557 2428 1780 2474; x_wconf 67' lang='lat' dir='ltr'>Apostolum,</span> <span class='ocrx_word' id='word_1_853' title='bbox 1803 2430 1856 2464; x_wconf 92' lang='lat' dir='ltr'>vel</span> <span class='ocrx_word' id='word_1_854' title='bbox 1883 2441 1970 2478; x_wconf 83' lang='lat' dir='ltr'>qua-</span> 
     </span>
     <span class='ocr_line' id='line_1_123' title="bbox 1048 2469 1970 2519; baseline 0.015 -19"><span class='ocrx_word' id='word_1_855' title='bbox 1048 2479 1187 2519; x_wconf 81' lang='lat' dir='ltr'>cunque</span> <span class='ocrx_word' id='word_1_856' title='bbox 1203 2469 1359 2507; x_wconf 83' lang='lat' dir='ltr'>firmitate</span> <span class='ocrx_word' id='word_1_857' title='bbox 1373 2473 1434 2507; x_wconf 87' lang='lat' dir='ltr'>alia</span> <span class='ocrx_word' id='word_1_858' title='bbox 1450 2475 1617 2510; x_wconf 87' lang='lat' dir='ltr'>roboratis</span> <span class='ocrx_word' id='word_1_859' title='bbox 1629 2502 1639 2516; x_wconf 86' lang='lat'>,</span> <span class='ocrx_word' id='word_1_860' title='bbox 1656 2477 1754 2512; x_wconf 85' lang='lat' dir='ltr'>etiarn</span> <span class='ocrx_word' id='word_1_861' title='bbox 1769 2477 1790 2511; x_wconf 84' lang='lat' dir='ltr'>fi</span> <span class='ocrx_word' id='word_1_862' title='bbox 1804 2477 1848 2512; x_wconf 90' lang='lat' dir='ltr'>de</span> <span class='ocrx_word' id='word_1_863' title='bbox 1860 2478 1907 2512; x_wconf 92' lang='lat' dir='ltr'>eis</span> <span class='ocrx_word' id='word_1_864' title='bbox 1921 2478 1970 2514; x_wconf 86' lang='lat' dir='ltr'>fa-</span> 
     </span>
     <span class='ocr_line' id='line_1_124' title="bbox 1047 2517 1970 2572; baseline 0.016 -23"><span class='ocrx_word' id='word_1_865' title='bbox 1047 2517 1164 2550; x_wconf 90' lang='lat' dir='ltr'>cienda</span> <span class='ocrx_word' id='word_1_866' title='bbox 1182 2517 1262 2553; x_wconf 84' lang='lat' dir='ltr'>esset</span> <span class='ocrx_word' id='word_1_867' title='bbox 1283 2519 1426 2566; x_wconf 82' lang='lat' dir='ltr'>specialis</span> <span class='ocrx_word' id='word_1_868' title='bbox 1443 2522 1569 2558; x_wconf 87' lang='lat' dir='ltr'>mentio</span> <span class='ocrx_word' id='word_1_869' title='bbox 1585 2550 1592 2563; x_wconf 79' lang='grc'>,</span> <span class='ocrx_word' id='word_1_870' title='bbox 1608 2536 1688 2572; x_wconf 81' lang='lat' dir='ltr'>quae</span> <span class='ocrx_word' id='word_1_871' title='bbox 1702 2524 1756 2559; x_wconf 92' lang='lat' dir='ltr'>hic</span> <span class='ocrx_word' id='word_1_872' title='bbox 1773 2524 1886 2562; x_wconf 89' lang='lat' dir='ltr'>habeti</span> <span class='ocrx_word' id='word_1_873' title='bbox 1905 2535 1970 2563; x_wconf 64' lang='grc' dir='ltr'><strong>νου·</strong></span> 
     </span>
     <span class='ocr_line' id='line_1_125' title="bbox 1047 2563 1968 2620; baseline 0.015 -24"><span class='ocrx_word' id='word_1_874' title='bbox 1047 2563 1161 2616; x_wconf 38' lang='lat' dir='ltr'>lunius·</span> <span class='ocrx_word' id='word_1_875' title='bbox 1175 2591 1185 2605; x_wconf 84' lang='lat'>‚</span> <span class='ocrx_word' id='word_1_876' title='bbox 1207 2567 1241 2600; x_wconf 76' lang='grc' dir='ltr'>δι</span> <span class='ocrx_word' id='word_1_877' title='bbox 1270 2567 1426 2603; x_wconf 50' lang='lat' dir='ltr'>habe-vus</span> <span class='ocrx_word' id='word_1_878' title='bbox 1441 2597 1449 2611; x_wconf 85' lang='lat'>,</span> <span class='ocrx_word' id='word_1_879' title='bbox 1469 2582 1530 2618; x_wconf 91' lang='lat' dir='ltr'>pro</span> <span class='ocrx_word' id='word_1_880' title='bbox 1555 2570 1762 2607; x_wconf 80' lang='lat' dir='ltr'>sufficienter·</span> <span class='ocrx_word' id='word_1_881' title='bbox 1783 2574 1935 2620; x_wconf 86' lang='lat' dir='ltr'>expressis</span> <span class='ocrx_word' id='word_1_882' title='bbox 1956 2601 1968 2618; x_wconf 88' lang='lat'>,</span> 
     </span>
     <span class='ocr_line' id='line_1_126' title="bbox 1047 2613 1968 2670; baseline 0.017 -26"><span class='ocrx_word' id='word_1_883' title='bbox 1047 2613 1248 2664; x_wconf 64' lang='lat' dir='ltr'>caeterisque</span> <span class='ocrx_word' id='word_1_884' title='bbox 1276 2617 1449 2651; x_wconf 88' lang='lat' dir='ltr'>contrariis</span> <span class='ocrx_word' id='word_1_885' title='bbox 1471 2618 1733 2670; x_wconf 78' lang='lat' dir='ltr'>quibuscunque</span> <span class='ocrx_word' id='word_1_886' title='bbox 1760 2621 1859 2656; x_wconf 91' lang='lat' dir='ltr'>Nulli</span> <span class='ocrx_word' id='word_1_887' title='bbox 1883 2634 1968 2670; x_wconf 88' lang='lat' dir='ltr'>ergo</span> 
     </span>
     <span class='ocr_line' id='line_1_127' title="bbox 1045 2663 1966 2716; baseline 0.015 -24"><span class='ocrx_word' id='word_1_888' title='bbox 1045 2671 1183 2695; x_wconf 89' lang='lat' dir='ltr'>omnino</span> <span class='ocrx_word' id='word_1_889' title='bbox 1212 2663 1383 2698; x_wconf 80' lang='lat' dir='ltr'>hominum</span> <span class='ocrx_word' id='word_1_890' title='bbox 1415 2666 1512 2702; x_wconf 77' lang='lat' dir='ltr'>liceat</span> <span class='ocrx_word' id='word_1_891' title='bbox 1545 2667 1633 2702; x_wconf 67' lang='lat' dir='ltr'>hanc</span> <span class='ocrx_word' id='word_1_892' title='bbox 1662 2669 1814 2716; x_wconf 83' lang='lat' dir='ltr'>paginam</span> <span class='ocrx_word' id='word_1_893' title='bbox 1842 2672 1966 2706; x_wconf 77' lang='lat' dir='ltr'>noslrae</span> 
     </span>
     <span class='ocr_line' id='line_1_128' title="bbox 1044 2708 1966 2762; baseline 0.014 -22"><span class='ocrx_word' id='word_1_894' title='bbox 1044 2708 1263 2744; x_wconf 85' lang='lat' dir='ltr'>conceffionis</span> <span class='ocrx_word' id='word_1_895' title='bbox 1281 2711 1538 2748; x_wconf 76' lang='lat' dir='ltr'>constitutionis</span> <span class='ocrx_word' id='word_1_896' title='bbox 1553 2714 1733 2762; x_wconf 82' lang='lat' dir='ltr'>infringere</span> <span class='ocrx_word' id='word_1_897' title='bbox 1745 2743 1755 2757; x_wconf 91' lang='lat'>‚</span> <span class='ocrx_word' id='word_1_898' title='bbox 1773 2718 1826 2752; x_wconf 94' lang='lat' dir='ltr'>vel</span> <span class='ocrx_word' id='word_1_899' title='bbox 1842 2718 1871 2752; x_wconf 93' lang='lat' dir='ltr'>ei</span> <span class='ocrx_word' id='word_1_900' title='bbox 1884 2719 1966 2754; x_wconf 83' lang='lat' dir='ltr'>ausu</span> 
     </span>
     <span class='ocr_line' id='line_1_129' title="bbox 1044 2758 1966 2809; baseline 0.014 -20"><span class='ocrx_word' id='word_1_901' title='bbox 1044 2758 1218 2792; x_wconf 83' lang='lat' dir='ltr'>temerario</span> <span class='ocrx_word' id='word_1_902' title='bbox 1236 2760 1415 2794; x_wconf 82' lang='lat' dir='ltr'>contra-ire</span> <span class='ocrx_word' id='word_1_903' title='bbox 1432 2773 1439 2795; x_wconf 91' lang='lat'>.·</span> <span class='ocrx_word' id='word_1_904' title='bbox 1458 2763 1479 2796; x_wconf 86' lang='lat' dir='ltr'>si</span> <span class='ocrx_word' id='word_1_905' title='bbox 1501 2763 1577 2809; x_wconf 87' lang='lat' dir='ltr'>quis</span> <span class='ocrx_word' id='word_1_906' title='bbox 1595 2776 1705 2798; x_wconf 74' lang='lat' dir='ltr'>amem</span> <span class='ocrx_word' id='word_1_907' title='bbox 1718 2764 1786 2799; x_wconf 91' lang='lat' dir='ltr'>hoc</span> <span class='ocrx_word' id='word_1_908' title='bbox 1802 2775 1966 2803; x_wconf 87' lang='lat' dir='ltr'>attentare</span> 
     </span>
     <span class='ocr_line' id='line_1_130' title="bbox 1044 2803 1963 2858; baseline 0.015 -22"><span class='ocrx_word' id='word_1_909' title='bbox 1044 2803 1287 2851; x_wconf 65' lang='lat' dir='ltr'>praesumpserit</span> <span class='ocrx_word' id='word_1_910' title='bbox 1303 2832 1313 2846; x_wconf 83' lang='lat'>,</span> <span class='ocrx_word' id='word_1_911' title='bbox 1326 2807 1589 2855; x_wconf 60' lang='lat' dir='ltr'>indignatum</span> <span class='ocrx_word' id='word_1_912' title='bbox 1610 2813 1851 2858; x_wconf 89' lang='lat' dir='ltr'>omnipotentis</span> <span class='ocrx_word' id='word_1_913' title='bbox 1869 2814 1940 2849; x_wconf 89' lang='lat' dir='ltr'>Dei</span> <span class='ocrx_word' id='word_1_914' title='bbox 1952 2841 1963 2858; x_wconf 86' lang='lat'><strong>,</strong></span> 
     </span>
     <span class='ocr_line' id='line_1_131' title="bbox 1044 2851 1965 2905; baseline 0.015 -21"><span class='ocrx_word' id='word_1_915' title='bbox 1044 2851 1077 2885; x_wconf 70' lang='grc' dir='ltr'>ὅ(</span> <span class='ocrx_word' id='word_1_916' title='bbox 1095 2853 1269 2903; x_wconf 75' lang='lat' dir='ltr'>bearorum</span> <span class='ocrx_word' id='word_1_917' title='bbox 1286 2854 1385 2896; x_wconf 86' lang='lat' dir='ltr'>Petri,</span> <span class='ocrx_word' id='word_1_918' title='bbox 1402 2859 1434 2892; x_wconf 89' lang='lat'><strong>&amp;</strong></span> <span class='ocrx_word' id='word_1_919' title='bbox 1451 2858 1544 2892; x_wconf 88' lang='lat' dir='ltr'>Pauli</span> <span class='ocrx_word' id='word_1_920' title='bbox 1560 2861 1804 2905; x_wconf 65' lang='lat' dir='ltr'>Apostolorum</span> <span class='ocrx_word' id='word_1_921' title='bbox 1818 2861 1848 2895; x_wconf 91' lang='lat' dir='ltr'>se</span> <span class='ocrx_word' id='word_1_922' title='bbox 1861 2873 1965 2897; x_wconf 90' lang='lat' dir='ltr'>nove·</span> 
     </span>
     <span class='ocr_line' id='line_1_132' title="bbox 1044 2901 1963 2954; baseline 0.014 -23"><span class='ocrx_word' id='word_1_923' title='bbox 1044 2910 1085 2933; x_wconf 87' lang='lat' dir='ltr'>rit</span> <span class='ocrx_word' id='word_1_924' title='bbox 1109 2901 1314 2938; x_wconf 87' lang='lat' dir='ltr'>incursurum</span> <span class='ocrx_word' id='word_1_925' title='bbox 1341 2903 1471 2940; x_wconf 87' lang='lat' dir='ltr'>Datum</span> <span class='ocrx_word' id='word_1_926' title='bbox 1496 2905 1620 2941; x_wconf 76' lang='lat' dir='ltr'>Roma:</span> <span class='ocrx_word' id='word_1_927' title='bbox 1644 2907 1732 2954; x_wconf 89' lang='lat' dir='ltr'>apud</span> <span class='ocrx_word' id='word_1_928' title='bbox 1758 2908 1936 2944; x_wconf 66' lang='lat' dir='ltr'>§.Petrum</span> <span class='ocrx_word' id='word_1_929' title='bbox 1951 2938 1963 2954; x_wconf 82' lang='lat'>,</span> 
     </span>
     <span class='ocr_line' id='line_1_133' title="bbox 1043 2948 1961 3004; baseline 0.017 -26"><span class='ocrx_word' id='word_1_930' title='bbox 1043 2958 1131 2981; x_wconf 91' lang='lat' dir='ltr'>anno</span> <span class='ocrx_word' id='word_1_931' title='bbox 1149 2948 1394 2986; x_wconf 88' lang='lat' dir='ltr'>Incarnationis</span> <span class='ocrx_word' id='word_1_932' title='bbox 1418 2952 1560 2988; x_wconf 82' lang='lat' dir='ltr'>Domitii</span> <span class='ocrx_word' id='word_1_933' title='bbox 1578 2954 1850 2992; x_wconf 85' lang='lat' dir='ltr'>M.CCCCL11.</span> <span class='ocrx_word' id='word_1_934' title='bbox 1875 2957 1961 3004; x_wconf 85' lang='lat' dir='ltr'>prid.</span> 
     </span>
     <span class='ocr_line' id='line_1_134' title="bbox 1044 2991 1962 3043; baseline 0.02 -17"><span class='ocrx_word' id='word_1_935' title='bbox 1044 2991 1189 3030; x_wconf 85' lang='lat' dir='ltr'>Kalend.</span> <span class='ocrx_word' id='word_1_936' title='bbox 1217 2997 1389 3034; x_wconf 67' lang='lat' dir='ltr'>Octobris.</span> <span class='ocrx_word' id='word_1_937' title='bbox 1415 3001 1638 3038; x_wconf 85' lang='lat' dir='ltr'>Pontificatus</span> <span class='ocrx_word' id='word_1_938' title='bbox 1665 3003 1767 3038; x_wconf 87' lang='lat' dir='ltr'>nostri</span> <span class='ocrx_word' id='word_1_939' title='bbox 1784 3015 1872 3041; x_wconf 86' lang='lat' dir='ltr'>anno</span> <span class='ocrx_word' id='word_1_940' title='bbox 1893 3007 1962 3043; x_wconf 83' lang='lat' dir='ltr'>VI.</span> 
     </span>
    </p>
   </div>
   <div class='ocr_carea' id='block_1_11' title="bbox 1115 3090 1886 3195">
    <p class='ocr_par' dir='ltr' id='par_1_13' title="bbox 1115 3090 1886 3195">
     <span class='ocr_line' id='line_1_135' title="bbox 1115 3090 1886 3148; baseline 0.013 -23"><span class='ocrx_word' id='word_1_941' title='bbox 1115 3090 1220 3130; x_wconf 76' lang='lat' dir='ltr'>Tener</span> <span class='ocrx_word' id='word_1_942' title='bbox 1247 3096 1481 3140; x_wconf 78' lang='lat' dir='ltr'>Cotssituti&#39;onis</span> <span class='ocrx_word' id='word_1_943' title='bbox 1509 3101 1563 3133; x_wconf 80' lang='lat' dir='ltr'>Pii</span> <span class='ocrx_word' id='word_1_944' title='bbox 1593 3101 1632 3135; x_wconf 90' lang='lat' dir='ltr'>V.</span> <span class='ocrx_word' id='word_1_945' title='bbox 1654 3101 1755 3147; x_wconf 84' lang='lat' dir='ltr'>super</span> <span class='ocrx_word' id='word_1_946' title='bbox 1769 3101 1886 3148; x_wconf 83' lang='lat' dir='ltr'>forma</span> 
     </span>
     <span class='ocr_line' id='line_1_136' title="bbox 1366 3146 1659 3195; baseline 0.017 -18"><span class='ocrx_word' id='word_1_947' title='bbox 1366 3146 1503 3180; x_wconf 74' lang='lat' dir='ltr'>creandi·</span> <span class='ocrx_word' id='word_1_948' title='bbox 1531 3149 1659 3195; x_wconf 82' lang='lat' dir='ltr'>Census.</span> 
     </span>
    </p>
   </div>
   <div class='ocr_carea' id='block_1_12' title="bbox 1037 3237 1964 3761">
    <p class='ocr_par' dir='ltr' id='par_1_14' title="bbox 1040 3237 1963 3328">
     <span class='ocr_line' id='line_1_137' title="bbox 1040 3237 1963 3327; baseline 0.013 -57"><span class='ocrx_word' id='word_1_949' title='bbox 1040 3244 1100 3327; x_wconf 85' lang='lat' dir='ltr'>P</span> <span class='ocrx_word' id='word_1_950' title='bbox 1118 3237 1173 3272; x_wconf 83' lang='lat' dir='ltr'>liis</span> <span class='ocrx_word' id='word_1_951' title='bbox 1190 3237 1382 3292; x_wconf 83' lang='lat' dir='ltr'>Episcopus</span> <span class='ocrx_word' id='word_1_952' title='bbox 1397 3239 1516 3293; x_wconf 19' lang='lat' dir='ltr'>serv-tiis&gt;</span> <span class='ocrx_word' id='word_1_953' title='bbox 1527 3240 1697 3280; x_wconf 89' lang='lat' dir='ltr'>servorum</span> <span class='ocrx_word' id='word_1_954' title='bbox 1710 3243 1789 3282; x_wconf 84' lang='lat' dir='ltr'>Dei.</span> <span class='ocrx_word' id='word_1_955' title='bbox 1813 3243 1875 3280; x_wconf 82' lang='lat' dir='ltr'>Ad</span> <span class='ocrx_word' id='word_1_956' title='bbox 1888 3257 1963 3294; x_wconf 84' lang='lat' dir='ltr'>per-</span> 
     </span>
     <span class='ocr_line' id='line_1_138' title="bbox 1114 3296 1542 3328; baseline 0.014 -8"><span class='ocrx_word' id='word_1_957' title='bbox 1114 3296 1245 3328; x_wconf 83' lang='lat' dir='ltr'>petuam</span> <span class='ocrx_word' id='word_1_958' title='bbox 1269 3298 1315 3322; x_wconf 87' lang='lat' dir='ltr'>rei</span> <span class='ocrx_word' id='word_1_959' title='bbox 1341 3299 1542 3326; x_wconf 84' lang='lat' dir='ltr'>memoriam.</span> 
     </span>
    </p>

    <p class='ocr_par' dir='ltr' id='par_1_15' title="bbox 1037 3334 1964 3755">
     <span class='ocr_line' id='line_1_139' title="bbox 1088 3334 1960 3390; baseline 0.011 -22"><span class='ocrx_word' id='word_1_960' title='bbox 1088 3334 1177 3385; x_wconf 83' lang='lat' dir='ltr'>Cum</span> <span class='ocrx_word' id='word_1_961' title='bbox 1193 3345 1279 3369; x_wconf 84' lang='lat' dir='ltr'>onus</span> <span class='ocrx_word' id='word_1_962' title='bbox 1293 3336 1506 3382; x_wconf 79' lang='lat' dir='ltr'>Apostolicae</span> <span class='ocrx_word' id='word_1_963' title='bbox 1519 3336 1688 3374; x_wconf 88' lang='lat' dir='ltr'>servitutis</span> <span class='ocrx_word' id='word_1_964' title='bbox 1699 3339 1864 3376; x_wconf 86' lang='lat' dir='ltr'>obeuntes</span> <span class='ocrx_word' id='word_1_965' title='bbox 1873 3354 1960 3390; x_wconf 85' lang='lat' dir='ltr'>cog-</span> 
     </span>
     <span class='ocr_line' id='line_1_140' title="bbox 1040 3382 1964 3430; baseline 0.013 -14"><span class='ocrx_word' id='word_1_966' title='bbox 1040 3393 1250 3422; x_wconf 81' lang='lat' dir='ltr'>noverimus.</span> <span class='ocrx_word' id='word_1_967' title='bbox 1266 3382 1455 3419; x_wconf 88' lang='lat' dir='ltr'>innumeros</span> <span class='ocrx_word' id='word_1_968' title='bbox 1469 3384 1657 3421; x_wconf 87' lang='lat' dir='ltr'>celebratos</span> <span class='ocrx_word' id='word_1_969' title='bbox 1671 3384 1778 3430; x_wconf 82' lang='lat' dir='ltr'>fuisse,</span> <span class='ocrx_word' id='word_1_970' title='bbox 1793 3389 1827 3424; x_wconf 68' lang='grc' dir='ltr'>ὃς</span> <span class='ocrx_word' id='word_1_971' title='bbox 1842 3390 1874 3424; x_wconf 90' lang='lat' dir='ltr'>in</span> <span class='ocrx_word' id='word_1_972' title='bbox 1885 3391 1964 3428; x_wconf 78' lang='lat' dir='ltr'>dies</span> 
     </span>
     <span class='ocr_line' id='line_1_141' title="bbox 1039 3429 1959 3481; baseline 0.012 -17"><span class='ocrx_word' id='word_1_973' title='bbox 1039 3429 1198 3464; x_wconf 83' lang='lat' dir='ltr'>celebrari</span> <span class='ocrx_word' id='word_1_974' title='bbox 1213 3429 1370 3465; x_wconf 86' lang='lat' dir='ltr'>censuum</span> <span class='ocrx_word' id='word_1_975' title='bbox 1385 3432 1651 3481; x_wconf 63' lang='lat' dir='ltr'>contractus,qui</span> <span class='ocrx_word' id='word_1_976' title='bbox 1663 3434 1789 3472; x_wconf 88' lang='lat' dir='ltr'>nedum</span> <span class='ocrx_word' id='word_1_977' title='bbox 1801 3449 1868 3472; x_wconf 79' lang='lat' dir='ltr'>non</span> <span class='ocrx_word' id='word_1_978' title='bbox 1878 3450 1959 3475; x_wconf 87' lang='lat' dir='ltr'>con-</span> 
     </span>
     <span class='ocr_line' id='line_1_142' title="bbox 1039 3476 1959 3525; baseline 0.01 -12"><span class='ocrx_word' id='word_1_979' title='bbox 1039 3476 1188 3513; x_wconf 85' lang='lat' dir='ltr'>tinentur</span> <span class='ocrx_word' id='word_1_980' title='bbox 1200 3476 1284 3512; x_wconf 86' lang='lat' dir='ltr'>intra</span> <span class='ocrx_word' id='word_1_981' title='bbox 1297 3478 1416 3514; x_wconf 86' lang='lat' dir='ltr'>limites</span> <span class='ocrx_word' id='word_1_982' title='bbox 1427 3480 1445 3514; x_wconf 77' lang='lat' dir='ltr'>a</span> <span class='ocrx_word' id='word_1_983' title='bbox 1457 3480 1576 3515; x_wconf 82' lang='lat' dir='ltr'>nostris</span> <span class='ocrx_word' id='word_1_984' title='bbox 1586 3481 1846 3520; x_wconf 78' lang='lat' dir='ltr'>antecessoribus</span> <span class='ocrx_word' id='word_1_985' title='bbox 1866 3486 1959 3525; x_wconf 61' lang='lat' dir='ltr'>eisd&amp;</span> 
     </span>
     <span class='ocr_line' id='line_1_143' title="bbox 1039 3524 1958 3577; baseline 0.01 -17"><span class='ocrx_word' id='word_1_986' title='bbox 1039 3524 1264 3560; x_wconf 65' lang='lat' dir='ltr'>contractibus</span> <span class='ocrx_word' id='word_1_987' title='bbox 1279 3526 1433 3569; x_wconf 82' lang='lat' dir='ltr'>statutos,</span> <span class='ocrx_word' id='word_1_988' title='bbox 1450 3538 1563 3563; x_wconf 89' lang='lat' dir='ltr'>verum</span> <span class='ocrx_word' id='word_1_989' title='bbox 1575 3528 1686 3570; x_wconf 82' lang='lat' dir='ltr'>etiam,</span> <span class='ocrx_word' id='word_1_990' title='bbox 1698 3531 1797 3577; x_wconf 86' lang='lat' dir='ltr'>quod</span> <span class='ocrx_word' id='word_1_991' title='bbox 1810 3532 1958 3571; x_wconf 83' lang='lat' dir='ltr'>deterius</span> 
     </span>
     <span class='ocr_line' id='line_1_144' title="bbox 1039 3573 1957 3625; baseline 0.013 -19"><span class='ocrx_word' id='word_1_992' title='bbox 1039 3573 1085 3606; x_wconf 83' lang='lat' dir='ltr'>est</span> <span class='ocrx_word' id='word_1_993' title='bbox 1096 3599 1104 3613; x_wconf 86' lang='lat'>‚</span> <span class='ocrx_word' id='word_1_994' title='bbox 1117 3573 1292 3608; x_wconf 87' lang='lat' dir='ltr'>contrariis</span> <span class='ocrx_word' id='word_1_995' title='bbox 1308 3573 1444 3608; x_wconf 88' lang='lat' dir='ltr'>omnino</span> <span class='ocrx_word' id='word_1_996' title='bbox 1460 3575 1668 3620; x_wconf 75' lang='lat' dir='ltr'>pafflonibus</span> <span class='ocrx_word' id='word_1_997' title='bbox 1684 3588 1824 3625; x_wconf 86' lang='lat' dir='ltr'>propter</span> <span class='ocrx_word' id='word_1_998' title='bbox 1838 3580 1957 3618; x_wconf 76' lang='lat' dir='ltr'>arden-</span> 
     </span>
     <span class='ocr_line' id='line_1_145' title="bbox 1038 3620 1956 3669; baseline 0.012 -16"><span class='ocrx_word' id='word_1_999' title='bbox 1038 3629 1104 3654; x_wconf 86' lang='lat' dir='ltr'>tem</span> <span class='ocrx_word' id='word_1_1000' title='bbox 1125 3620 1273 3655; x_wconf 83' lang='lat' dir='ltr'>avaritiae</span> <span class='ocrx_word' id='word_1_1001' title='bbox 1298 3621 1465 3656; x_wconf 78' lang='lat' dir='ltr'>stimulum</span> <span class='ocrx_word' id='word_1_1002' title='bbox 1480 3622 1592 3669; x_wconf 84' lang='lat' dir='ltr'>legum</span> <span class='ocrx_word' id='word_1_1003' title='bbox 1606 3624 1704 3660; x_wconf 87' lang='lat' dir='ltr'>etiam</span> <span class='ocrx_word' id='word_1_1004' title='bbox 1720 3625 1873 3664; x_wconf 75' lang='lat' dir='ltr'>divinatfi</span> <span class='ocrx_word' id='word_1_1005' title='bbox 1890 3640 1956 3664; x_wconf 76' lang='lat' dir='ltr'>ma-</span> 
     </span>
     <span class='ocr_line' id='line_1_146' title="bbox 1037 3665 1955 3755; baseline 0.011 -53"><span class='ocrx_word' id='word_1_1006' title='bbox 1037 3665 1191 3703; x_wconf 85' lang='lat' dir='ltr'>nifestum</span> <span class='ocrx_word' id='word_1_1007' title='bbox 1206 3671 1411 3716; x_wconf 66' lang='lat' dir='ltr'>contemptu</span> <span class='ocrx_word' id='word_1_1008' title='bbox 1425 3681 1495 3717; x_wconf 78' lang='lat' dir='ltr'>prae</span> <span class='ocrx_word' id='word_1_1009' title='bbox 1508 3671 1540 3706; x_wconf 92' lang='lat' dir='ltr'>se</span> <span class='ocrx_word' id='word_1_1010' title='bbox 1553 3670 1677 3755; x_wconf 57' lang='lat' dir='ltr'>felrunt.</span> <span class='ocrx_word' id='word_1_1011' title='bbox 1695 3684 1764 3710; x_wconf 87' lang='lat' dir='ltr'>non</span> <span class='ocrx_word' id='word_1_1012' title='bbox 1780 3674 1955 3722; x_wconf 82' lang='lat' dir='ltr'>potuimus</span> 
     </span>
    </p>

    <p class='ocr_par' dir='ltr' id='par_1_16' title="bbox 1616 3729 1954 3761">
     <span class='ocr_line' id='line_1_147' title="bbox 1616 3729 1954 3761; baseline 0.006 -3"><span class='ocrx_word' id='word_1_1013' title='bbox 1616 3729 1630 3754; x_wconf 76' lang='grc' dir='ltr'><strong>ῑ</strong></span> <span class='ocrx_word' id='word_1_1014' title='bbox 1829 3733 1954 3761; x_wconf 64' lang='lat' dir='ltr'>llum·-</span> 
     </span>
    </p>
   </div>
   <div class='ocr_carea' id='block_1_13' title="bbox 1998 3264 2043 3301">
    <p class='ocr_par' dir='ltr' id='par_1_17' title="bbox 1998 3264 2043 3301">
     <span class='ocr_line' id='line_1_148' title="bbox 1998 3264 2043 3301; baseline 0.089 -4"><span class='ocrx_word' id='word_1_1015' title='bbox 1998 3264 2043 3301; x_wconf 76' lang='lat'>45</span> 
     </span>
    </p>
   </div>
  </div>
 </body>
</html>
