2400 3939
356 276 564 323 Respondeo
583 303 592 318 ,
618 276 859 326 distinguendo
888 286 950 323 pro
977 275 1096 322 majori
1123 271 1247 308 intelli-

306 324 423 372 gentia
441 324 531 360 duos
549 325 655 362 casuS.

356 372 489 408 Primus
504 373 596 408 casus
611 374 669 415 est,
687 373 828 422 quando
844 370 1011 407 cambium
1032 368 1248 404 contrahitur

307 421 340 455 in
361 421 442 456 loco
458 447 467 462 ,
491 421 549 456 ubi
567 422 621 457 vel
645 422 722 468 lege
743 420 954 466 municipali,
983 418 1038 452 vel
1060 418 1150 465 stylo
1175 415 1251 452 sunt

308 468 483 506 solvendae
500 470 575 505 aliae
597 469 753 516 impensae
767 496 776 510 ‚
800 471 834 504 ὅ(
853 468 916 503 isto
936 467 1012 503 casu
1030 476 1162 501 certum
1177 465 1224 499 est
1237 490 1248 506 ,

309 517 410 566 quod
430 517 518 552 ultra
538 519 764 565 provifionem
785 526 883 552 erunt
898 514 1072 552 solvendae
1088 514 1156 566 illa:
1177 526 1250 548 om-

308 578 369 602 nes
387 566 463 601 aliae
492 565 670 612 impensae,
693 566 737 600 de
754 565 880 613 quibus
905 564 1032 610 scripsit
1049 561 1177 610 aliquid
1195 563 1248 598 Jo.

310 616 409 662 Bapt.
423 618 508 661 Lup.
523 617 558 648 in
573 629 602 649 c.
618 613 653 655 fi.
665 616 697 660 ξ.
711 628 742 648 2.
744 614 808 663 sub
826 626 881 647 21.
893 614 935 647 de
949 614 1036 660 ustcr.
1046 624 1136 659 quem
1150 610 1252 644 retuli

310 665 344 709 §.
352 663 492 710 praeced.
506 663 555 711 gl.
570 675 600 708 3.
613 663 678 708 fich
691 675 722 697 n.
741 675 795 698 12.
811 662 898 708 vers:
909 673 1037 695 verum.

360 709 538 746 Secundus
560 709 654 745 casus
685 710 732 746 est
749 737 759 753 ,
791 709 932 758 quando
957 721 1027 745 non
1051 718 1141 743 extat
1171 705 1224 740 lex
1240 732 1250 747 ,

312 758 368 793 vel
387 757 493 805 stylus
518 756 670 793 solvendi
696 759 774 793 alias
801 757 959 806 impensas
975 784 984 798 ,
1017 757 1051 791 ὅ(
1081 755 1144 791 isto
1174 754 1252 789 casu

313 805 491 841 concludo
505 832 515 848 ,
540 807 638 856 quod
657 806 794 843 debitor
808 834 817 848 ,
843 806 905 854 qui
922 805 1045 847 trahit,
1073 803 1184 852 potest
1201 812 1253 837 te-

313 853 386 889 neri
417 853 525 890 solum
553 856 596 891 ad
623 856 779 902 expensas
806 854 1031 903 provisionis,
1061 864 1100 888 ut
1123 851 1192 886 dixi
1217 852 1252 886 d.

309 903 359 950 gl.
376 915 407 948 3.
421 915 508 937 num.
526 914 579 950 15.
595 903 706 952 &sub
724 916 812 938 num.
831 916 885 938 20.
905 902 999 945 verfi.
1018 914 1048 937 2.
1064 901 1099 939 ό
1114 902 1202 948 seqq.
1217 901 1252 934 &

314 949 358 985 ad
377 949 534 997 expensas
556 962 776 998 proxenetae,
801 951 824 985 fi
845 950 1068 987 mandatarius
1088 949 1254 984 a&aretur

315 998 430 1034 medio
454 1010 653 1046 proxenetae
672 999 892 1041 contrahere,
926 998 970 1033 de
991 1010 1058 1047 qua
1079 997 1177 1032 etiam
1193 997 1253 1031 im-

314 1046 416 1094 pensa
428 1047 584 1095 loquitur
597 1052 648 1085 Jo.
664 1051 762 1096 Βαρι.
776 1050 860 1096 Lup.
874 1047 1009 1095 ubificp.
1026 1048 1059 1082 &
1071 1044 1255 1092 disponunt

315 1096 468 1144 capitula
495 1099 665 1140 Bononiae,
690 1097 785 1142 veifi.
809 1098 846 1131 il.
869 1107 1074 1145 pagamento.
1104 1093 1159 1128 sed
1179 1094 1254 1128 Ge-

315 1143 504 1225 nuaeshanc
520 1155 716 1193 proxenetae
739 1144 938 1193 impensam,
964 1144 1070 1179 credo
1095 1154 1165 1178 non
1191 1140 1257 1176 effe

318 1202 353 1226 in
369 1205 391 1227 u
407 1202 442 1226 u.

285 1246 302 1281 3
370 1240 509 1284 Quaero
525 1241 627 1276 tertio
640 1269 650 1283 ,
678 1242 763 1292 quid
780 1242 965 1290 importent
982 1241 1037 1277 illa
1054 1244 1156 1278 verba
1168 1267 1178 1283 ,
1194 1252 1257 1274 va-

318 1288 453 1322 lervene
470 1288 533 1336 qud
554 1288 601 1325 da
619 1303 668 1325 me
685 1292 699 1328 ζ

366 1334 578 1384 Respondeo
590 1365 601 1380 ,
620 1338 824 1386 important,
844 1348 884 1374 ut
898 1339 954 1375 ille
969 1367 979 1382 ,
1001 1338 1063 1386 qui
1079 1338 1180 1374 solvit
1193 1348 1259 1374 tra·

315 1385 413 1426 stam,
436 1386 582 1422 revaleat
601 1386 634 1421 se
650 1387 694 1423 de
709 1387 824 1422 eadem
839 1387 963 1424 summa
979 1415 988 1430 ,
1013 1387 1070 1422 seu
1085 1387 1117 1423 se
1141 1386 1258 1433 provi-

315 1432 397 1468 deat
418 1444 481 1480 pro
508 1434 624 1470 eadem
647 1436 866 1484 quantitate,
895 1435 1101 1471 refleetendo
1126 1435 1258 1470 similem

316 1481 455 1516 tradam
473 1481 514 1517 ad
529 1483 671 1519 eundem
686 1485 800 1519 locum
817 1486 850 1521 &
867 1485 900 1519 in
916 1485 1083 1526 eundem,
1111 1494 1172 1530 pro
1187 1495 1259 1531 quo

319 1528 422 1564 solvit
441 1529 568 1566 litteras
589 1532 735 1575 cambii,
771 1532 815 1568 de
834 1545 902 1582 qua
927 1534 1030 1569 trafia
1044 1559 1054 1574 ,
1082 1531 1259 1580 loquendo

322 1577 367 1612 de
385 1589 426 1613 eo
442 1604 451 1619 ,
485 1580 546 1627 qui
565 1579 663 1617 solvit
683 1581 780 1626 supra
802 1582 1009 1628 protestum,
1031 1582 1135 1617 multa
1151 1579 1262 1627 scripsi

316 1629 424 1675 supra
439 1628 470 1672 ξ.
488 1629 576 1678 agl.
593 1641 624 1676 5.
643 1642 674 1665 n.
692 1630 771 1677 388.
787 1632 821 1668 (ΞΥ
838 1631 918 1676 389.

328 1745 1264 1756 ———-————-—-.—---—-——

629 1828 665 1876 §.
697 1839 734 1881 5.
767 1822 898 1867 Gloss‘.
926 1841 961 1868 1.

396 1929 516 1984 1614.
547 1928 572 1970 ὰ
592 1944 629 1986 5.
656 1932 695 1972 di
718 1931 965 1986 Novembrew,
1008 1930 1050 1971 In
1078 1931 1266 1973 Piacenza

316 1988 433 2044 feudi
455 2002 548 2029 101.
575 1988 676 2032 L&
700 2004 735 2030 1.

383 2047 423 2086 A
442 2060 510 2101 24.
531 2046 593 2087 del
609 2045 773 2104 presente
793 2058 933 2104 pagate
952 2060 1018 2105 per
1040 2047 1166 2107 questa
1188 2049 1267 2103 pri—

325 2120 388 2145 ma
407 2105 446 2145 di
468 2105 611 2145 cambio
633 2102 658 2146 ἐι
679 2104 878 2160 ΡναησςῘεο
894 2105 1010 2160 scudz'
1034 2119 1126 2147 101.
1157 2118 1191 2144 1.
1214 2106 1266 2147 θ’

331 2175 368 2203 1.
392 2162 417 2202 ὰ
431 2160 547 2216 solidi
569 2162 638 2219 69.
655 2162 849 2219 persi-udo
867 2166 905 2204 in
919 2161 1035 2218 scudi
1059 2163 1265 2219 d'argento‚

326 2219 510 2277 conforme
533 2221 574 2260 al
602 2221 745 2263 decreto
770 2220 830 2262 del
853 2222 1069 2277 Sereniffimo
1095 2222 1229 2263 Senato
1252 2253 1263 2272 ,

321 2289 390 2334 per
406 2277 445 2318 la
465 2278 603 2319 val-uta
616 2309 628 2328 ,
661 2279 811 2319 havuta
835 2280 887 2321 da
907 2280 1009 2331 Seio,
1042 2279 1093 2324 &³
1111 2289 1265 2336 ponete,

327 2350 426 2376 come
448 2334 604 2389 s'avisa.
639 2334 664 2377 ὰ
687 2337 781 2376 Dio.

446 2393 610 2434 Antonio

699 2451 872 2492 Genova.

973 2398 999 2435 ἁ
1019 2397 1154 2438 Mevio

1133 2454 1268 2509 A24.

586 2553 1027 2593 SUMMARIA.

333 2642 536 2689 Dilatio,seu
586 2644 635 2678 ad
638 2643 839 2691 solvendum
861 2644 995 2679 litteras
1015 2646 1155 2687 cambii,
1165 2645 1272 2692 statui

331 2690 503 2727 ‘Terminus
550 2650 569 2738 ξ
588 2692 684 2726 debet
699 2718 709 2734 ,
726 2690 840 2726 habita
853 2693 1102 2738 confideratione
1114 2694 1273 2741 distamiae

380 2742 524 2775 locorum
537 2766 547 2782 ‚
573 2740 607 2776 (9'
623 2740 863 2776 commoditatis
873 2741 920 2776 ad
929 2743 1273 2791 parandaspecunias

381 2788 440 2830 sub
456 2800 487 2823 n.
499 2799 528 2823 ι.

334 2837 439 2922 Ροζὲζί
453 2847 563 2871 tamen
581 2836 752 2879 breviari,
776 2838 811 2875 ὁ
829 2837 954 2887 longior
969 2838 1073 2882 dari,
1086 2839 1274 2883 dummodo,

423 2898 451 2919 c.
464 2897 497 2920 n.
511 2897 544 2919 ι.

401 2981 572 3016 Raemitto
587 3007 597 3022 ,
619 2981 678 3016 has
704 2981 770 3017 esse
795 2982 921 3018 litteras
945 2982 1086 3023 cambii,
1111 2984 1275 3020 contracti

401 3042 433 3064 in
455 3029 611 3065 nundinis
634 3030 653 3065 ὲ
669 3029 751 3066 Seio
766 3031 970 3066 mandatario
989 3031 1178 3074 Francisci,
1197 3033 1274 3082 qui-

335 3080 402 3113 bus
424 3077 545 3112 litteris
566 3078 706 3114 remittit
723 3080 882 3125 pecunias
900 3081 1057 3123 exastas3
1086 3081 1276 3128 harumque

335 3126 524 3161 litterarum
545 3125 659 3161 seriem
674 3127 776 3162 habes
786 3129 892 3176 fizpra
906 3130 937 3174 ξ.
959 3142 986 3163 ι.
1005 3142 1036 3175 q.
1054 3129 1153 3177 5-sub
1169 3141 1199 3162 n.
1217 3131 1274 3164 80.

337 3174 433 3219 verfi.
450 3175 469 3209 ἁ
483 3185 537 3217 24.
561 3174 669 3223 &sub
683 3187 768 3211 num.
789 3178 845 3210 81.
871 3179 958 3224 vers.
973 3177 1168 3226 magnifico:
1203 3180 1276 3214 Hoc

336 3223 499 3270 praemiffo.

306 3299 321 3321 3
390 3271 541 3314 Quaero,
558 3282 664 3319 quare
681 3272 712 3306 in
732 3272 798 3307 istis
811 3273 928 3308 litteris
945 3273 1086 3314 cambii,
1111 3272 1276 3307 contrasti

340 3318 376 3352 in
400 3318 576 3360 nundinis,
599 3321 696 3367 quod
710 3321 837 3356 dicitur
850 3321 893 3355 de
910 3321 1020 3356 reditu
1039 3320 1274 3362 nundinarum,

339 3375 530 3413 apponatur
548 3378 662 3403 certus
679 3368 751 3403 dies
769 3369 964 3410 solutionis,
983 3368 1152 3404 faciendae
1174 3367 1208 3401 in
1224 3368 1274 3402 ci-

344 3415 450 3449 vitate
467 3414 603 3450 Genuae
620 3443 629 3457 ,
657 3418 692 3452 δι
707 3428 814 3464 quare
835 3417 951 3464 potius
976 3417 1048 3452 dies
1067 3429 1123 3459 24.
1149 3415 1210 3463 qui
1229 3417 1276 3451 est

344 3463 524 3508 vigesimus
538 3463 556 3497 a
578 3463 634 3498 die
649 3465 812 3500 contrasti
827 3465 945 3500 cambii
963 3465 1124 3501 inclusive
1137 3490 1147 3506 ,
1175 3475 1276 3511 quam

342 3511 427 3547 alius
445 3509 517 3544 dies
542 3509 708 3554 vicinior,
736 3514 790 3548 vel
809 3511 995 3549 remotior?

391 3556 602 3610 Respondeo
613 3585 622 3600 ,
642 3561 740 3608 quod
756 3562 840 3597 ficut
855 3573 919 3608 pro
935 3559 1119 3602 solutione,
1152 3560 1277 3596 facien-

342 3608 386 3643 da
410 3607 444 3642 in
464 3606 621 3641 nundinis
634 3634 644 3648 ,
668 3609 716 3642 est
731 3609 861 3656 semper
873 3609 1034 3644 statutum
1049 3618 1178 3644 certum
1195 3619 1280 3644 tem-

337 3668 404 3702 pus
424 3653 598 3690 solutionis
617 3653 804 3699 faciendae,
821 3669 939 3703 nempe
953 3684 963 3699 ,
991 3656 1024 3690 in
1045 3656 1208 3703 proximis
1224 3656 1280 3692 fu-

339 3703 428 3740 turis
452 3701 631 3745 nundinis,
651 3704 686 3738 &
703 3714 837 3751 tempus
851 3705 979 3740 illarum
995 3704 1218 3741 nundinarum
1233 3706 1279 3740 est

620 182 976 270 Sigismundi
1015 183 1259 242 Scacciae
1299 181 1498 242 Tradi.
1535 180 1609 240 de
1652 182 1943 241 Commer.

1298 284 1428 308 certum
1441 301 1450 316 ,
1478 275 1512 310 &
1527 274 1783 310 determinatum
1795 300 1806 316 ,
1830 282 1869 308 ut
1893 273 2076 322 dixistepra
2091 278 2125 323 §.
2145 278 2236 328 2.gl.

1297 333 1331 362 4.
1345 334 1432 357 num.
1451 335 1482 369 3.
1507 324 1554 358 ita
1575 334 1721 371 quoque
1737 321 1898 357 solutioni
1930 321 2098 360 faciendae
2113 325 2146 360 in
2161 339 2236 373 par-

1297 369 1493 406 ticularibus
1519 371 1720 407 civitatibus
1742 370 1843 404 statui
1864 369 1966 406 debet
1985 383 2100 408 certus
2122 375 2236 409 termi-

1294 428 1377 453 nus:
1394 419 1551 455 statuitur
1569 430 1682 454 autern
1700 419 1860 455 terminus
1876 431 1931 452 20.
1950 419 2098 464 dierum,
2118 423 2152 458 δε
2167 436 2238 458 non

1296 466 1435 512 longior
1461 479 1574 516 neque
1593 467 1730 502 brevior
1757 479 1820 514 pro
1844 467 1977 502 cambio
2009 480 2050 503 ex
2077 470 2238 506 nundinis

1296 513 1483 551 Placentiae
1508 515 1552 551 ad
1574 515 1757 551 Civitatem
1785 515 1944 557 Genuae,
1968 516 2049 564 quia
2072 519 2238 554 nundina·
2324 484 2337 567 i

1296 573 1369 597 rum
1385 563 1553 610 capitula,
1580 575 1662 612 quae
1679 564 1779 598 retuli
1793 563 1854 599 sol.
1873 565 1905 609 §.
1925 577 1954 597 2.
1967 566 2016 614 gl.
2035 576 2065 610 5.
2081 580 2167 602 num.
2183 578 2236 602 η.

1295 613 1383 659 vers:
1396 616 1524 659 primus
1543 612 1752 648 considerata
1770 611 1925 648 distantia
1940 613 2095 648 locorum
2107 642 2117 657 ,
2131 616 2165 650 δε
2181 616 2238 651 ha·

1296 659 1366 693 bita
1393 660 1526 695 ratione
1550 660 1697 707 alicujus
1724 660 1979 696 commoditatis
2005 673 2068 708 pro
2093 664 2238 710 paranda
2336 626 2341 723 i

1296 706 1481 742 litterarum
1503 708 1693 749 solutione,
1721 708 1798 750 seu,
1824 719 1863 744 ut
1878 708 2070 756 loquuntur
2087 711 2239 759 campso-

1299 766 1372 798 res,
1390 767 1451 804 per
1467 760 1631 805 ricapirar
1642 758 1673 792 le
1687 757 1820 797 lettere,
1846 757 1940 791 hunc
1954 756 2156 795 censuerunt
2171 758 2239 795 effe
2340 744 2342 789 l
2381 764 2384 769 ’

1301 805 1478 839 terminum
1507 817 1701 853 congruum
1731 818 1794 853 pro
1825 806 2004 852 portandis
2027 806 2168 848 litteris,
2203 809 2239 844 &

1300 864 1363 899 pro
1383 853 1527 899 paranda
1550 853 1722 890 solutione
1735 880 1745 895 ,
1769 865 1837 888 non
1855 854 1940 888 enim
1965 855 2067 890 debet
2085 856 2239 892 creditor

1300 900 1410 935 statim
1423 928 1433 943 ,
1454 911 1561 950 atque
1576 903 1701 938 litterae
1723 913 1968 949 pervenerunt,
1995 903 2062 938 esse
2077 916 2155 939 cum
2173 904 2242 940 sac-

1301 961 1346 984 co
1362 960 1495 996 paratus
1507 977 1518 992 ,
1542 950 1599 985 sed
1621 951 1726 986 debet
1745 949 1923 997 indulgere
1939 951 2085 1000 aliquam
2103 952 2241 988 dilatio-

1302 1008 1376 1032 nem
1394 997 1436 1032 ad
1458 998 1618 1044 parandas
1635 998 1796 1046 pecunias
1808 1024 1818 1041 ,
1842 1010 1901 1045 per
1921 1010 1979 1040 ea,
2005 1011 2087 1048 quae
2103 1000 2241 1048 dixisti-

1299 1056 1364 1093 pra
1379 1050 1420 1098 5.
1443 1058 1599 1094 1.p.1.n.
1613 1047 1738 1094 371.&
1752 1049 1783 1094 ξ-
1797 1061 1826 1083 2.
1840 1047 1891 1098 gi.
1907 1057 1936 1091 5.
1954 1061 1985 1083 n.
1999 1061 2030 1094 3.
2047 1049 2186 1102 &seqq.
2206 1051 2242 1085 δε

1303 1094 1348 1129 de
1362 1094 1412 1128 his
1430 1095 1578 1130 terminis
1591 1095 1678 1131 datis
1687 1107 1750 1142 pro
1769 1096 1888 1130 cambii
1906 1108 1946 1130 ex
1960 1096 2119 1131 nundinis
2135 1099 2176 1132 ad
2192 1098 2244 1133 lo-

1304 1153 1360 1184 ca,
1383 1142 1573 1191 videsupra
1587 1145 1621 1178 d.
1631 1144 1681 1194 gl.
1697 1143 1797 1190 5.sub
1810 1156 1840 1178 n.
1862 1156 1914 1177 12.
2344 1174 2345 1180 ,

1353 1191 1484 1226 Verum
1505 1191 1667 1233 adverte,
1693 1192 1792 1240 quod
1814 1191 2056 1229 contrahentes
2072 1193 2143 1229 hoc
2156 1204 2244 1228 carn-
2260 1192 2281 1215 ²
2349 1191 2353 1247 ἶ

1305 1239 1398 1274 bium
1416 1251 1456 1274 ex
1471 1239 1628 1275 nundinis
1641 1241 1685 1276 ad
1705 1242 1780 1276 loca
1797 1266 1807 1282 ‚
1823 1239 1953 1287 possent
1971 1242 2057 1276 inter
2069 1241 2101 1276 se
2115 1253 2244 1276 conve-

1305 1288 1378 1321 nire
1398 1287 1442 1322 de
1456 1288 1626 1334 longiori,
1651 1290 1686 1324 ὃς
1700 1288 1847 1325 breviori
1866 1288 2030 1324 dilatione
2043 1316 2052 1331 ,
2083 1289 2243 1324 dummo-

1307 1335 1354 1372 do
1370 1336 1499 1371 ratione
1515 1336 1616 1372 solius
1638 1337 1812 1373 dilationis
1834 1337 1923 1370 nulla
1944 1336 2002 1372 fiat
2019 1338 2140 1372 cambii
2157 1339 2244 1373 alte-

1308 1385 1396 1420 ratio
1411 1410 1420 1425 ,
1442 1395 1484 1418 ne
1505 1396 1639 1432 tempus
1658 1399 1698 1422 ex
1721 1385 1825 1432 seipso
1840 1385 2014 1420 videretur
2039 1398 2155 1433 parere
2175 1396 2245 1421 ma-

1307 1436 1414 1482 iorem
1430 1443 1604 1469 numerum
1626 1435 1796 1484 pecuniae.

1942 1551 2095 1560 ψ-

1604 1624 1638 1672 §.
1673 1636 1712 1677 5.
1743 1618 1876 1664 Gloss.
1908 1636 1948 1662 2.

1520 1721 1544 1761 ὰ
1557 1719 1675 1775 solidi
1703 1718 1771 1776 69.
1799 1731 1866 1777 per
1885 1717 2024 1773 findo.

1572 1825 1998 1859 SUMMARIA.

2096 1551 2249 1561 .·—----

1316 1923 1448 1957 Solidus
1463 1921 1600 1969 quilibet
1616 1921 1736 1967 constat
1754 1934 1794 1955 ex
1811 1921 1984 1956 duodecim
2002 1920 2170 1964 denariis,
2183 1922 2252 1971 sed

1363 1982 1472 2005 tamen
1487 1971 1576 2017 estin
1597 1970 1774 2016 multiplici
1798 1968 2007 2015 differentia,
2024 1982 2055 2003 n.
2076 1981 2105 2006 1.

1313 2017 1655 2066 Numismatumfifflo
1676 2018 1813 2052 videtur
1835 2018 2026 2067 quandoque
2046 2021 2181 2053 inventa
2204 2019 2254 2053 ad

1358 2068 1526 2115 palianda
1543 2067 1660 2108 lucra,
1679 2078 1712 2101 n.
1729 2080 1762 2101 2.

2369 2106 2371 2127 l

2370 2132 2371 2151 l

1419 2163 1449 2199 E
1472 2161 1588 2198 solidis
1604 2190 1614 2204 ,
1641 2161 1701 2197 etsi
1729 2174 1793 2210 pro
1815 2163 1963 2198 materiae
1992 2163 2172 2201 occasione
2198 2163 2251 2199 di·
2370 2153 2372 2190 ⁵1

1421 2212 1518 2247 versis
1530 2211 1561 2246 in
1580 2211 1666 2246 locis
1682 2211 1792 2246 locuti
1810 2211 1922 2252 simus,
1945 2213 1979 2247 &
1992 2212 2175 2260 praesertim
2191 2212 2254 2249 sol..

1318 2264 1350 2308 ς.
1368 2261 1458 2311 2.ng.
1476 2271 1671 2313 3·n·¹2·¹3·
1687 2260 1738 2294 16.
1757 2261 1892 2307 &seqq.
1910 2261 1945 2297 ὦ
1962 2264 2062 2297 etiam
2075 2263 2108 2307 ξ.
2127 2273 2155 2314 ¹?
2175 2274 2205 2314 q·⁸
2222 2271 2252 2306 5.

1318 2308 1875 2403 {¹25⁵‹32‘5152ffv22‘3t‘33223ss
1888 2308 2257 2404 ἔὶῗῖῗωῗῗίῗὲὲῖὲἱῖ

1320 2417 1422 2443 tatem
1438 2404 1612 2452 fugientes
1624 2431 1634 2447 ,
1653 2404 1731 2438 alibi
1745 2405 1765 2439 ὲ
1782 2404 1882 2439 nobis
1895 2404 1983 2439 dista
1997 2431 2008 2448 ,
2027 2405 2084 2441 hic
2102 2405 2256 2440 indican-

1320 2455 1365 2490 da
1378 2483 1389 2497 ,
1407 2467 1476 2489 non
1489 2452 1673 2500 repetenda
1687 2452 1773 2488 sunt.
2246 2471 2248 2473 -

1369 2503 1463 2538 Haec
1477 2503 1577 2536 verba
1587 2528 1597 2543 ‚
1613 2501 1703 2550 dfil.
1717 2502 1772 2546 69.
1785 2513 1844 2549 por
1844 2502 1952 2550 scudo
1968 2500 2143 2542 denotant,
2155 2498 2256 2549 quod
2276 2526 2293 2549 ¹

1323 2550 1457 2593 scutus,
1483 2550 1622 2599 quierit
1636 2549 1817 2585 solvendus
1833 2553 1992 2590 Genuae,
2015 2549 2140 2585 valebit
2153 2561 2258 2586 unum

1323 2600 1467 2635 solidum
1491 2598 1580 2636 ultra
1599 2599 1749 2634 valorem
1769 2597 1856 2634 scuti
1878 2599 1991 2640 aurei,
2016 2597 2117 2646 quia,
2144 2607 2186 2634 ut
2206 2597 2260 2633 di-

1324 2649 1481 2684 cebamus
1496 2646 1557 2682 sol.
1572 2646 1711 2694 d.q.5.n.
1721 2656 1774 2692 53.
1788 2647 1823 2683 &³
1834 2647 1857 2682 d
1864 2671 1873 2680 .
1878 2647 1965 2696 gl.3.
1977 2658 2063 2692 n.r7.
2078 2645 2194 2682 scutus
2207 2658 2261 2682 ar-

1324 2697 1410 2732 deus
1430 2695 1464 2730 in
1488 2695 1649 2731 Civitate-
1664 2696 1800 2731 Genuae
1821 2695 1854 2729 in
1884 2697 2015 2730 ratione
2037 2694 2262 2730 contrahendi

1324 2743 1493 2780 cambium
1512 2743 1697 2778 aestimatur
1714 2741 1841 2790 semper
1858 2742 1917 2778 sol.
1935 2744 1992 2778 68.
2009 2742 2103 2777 unde
2124 2754 2204 2778 cum
2217 2754 2260 2778 ex

1324 2791 1482 2828 nundinis
1496 2791 1715 2827 remittuntur
1723 2790 1809 2826 scuti
1819 2790 2002 2826 solidorum
2020 2793 2076 2834 69.
2087 2803 2151 2838 pro
2170 2802 2261 2840 quo-

1326 2842 1409 2878 libet
1429 2840 1549 2882 scuto,
1587 2839 1662 2874 sunt
1680 2839 1766 2874 scuti
1785 2840 1922 2886 majoris
1947 2839 2070 2875 valoris
2087 2851 2097 2875 ε
2117 2838 2175 2874 seu
2195 2850 2261 2887 pro

1324 2889 1476 2926 absoluta
1491 2887 1711 2935 intelligentia
1725 2887 1787 2922 tria
1800 2887 1949 2924 notanda
1965 2886 2052 2922 sunt.

1374 2936 1490 2972 Primo
1510 2936 1557 2971 est
1572 2936 1779 2978 notandum,
1802 2936 1902 2984 quod
1921 2933 2019 2971 solidi
2033 2935 2158 2972 habent
2172 2936 2265 2972 hanc

1327 2997 1427 3020 unam
1448 2985 1658 3020 identitatem
1670 3010 1679 3024 ,
1701 2984 1797 3032 quod
1811 2984 1917 3020 omnis
1934 2982 2060 3035 solidus
2074 2984 2207 3020 constat
2220 2996 2263 3019 ex

1328 3033 1515 3069 duodecim
1538 3031 1701 3074 denariis,
1723 3031 1780 3068 sed
1798 3033 1831 3066 in
1857 3032 1996 3079 reliquis
2014 3031 2140 3068 habent
2163 3031 2264 3069 diffe-

1329 3082 1472 3123 rentias,
1493 3093 1533 3115 ex
1549 3080 1675 3129 quibus
1688 3080 1882 3128 colligimus
1896 3091 2047 3128 quatuor
2061 3080 2187 3116 solidos
2201 3079 2265 3116 dif-

1329 3130 1484 3165 ferentes:
1497 3129 1627 3164 Primus
1641 3128 1678 3163 fit
1689 3127 1816 3164 solidus
1827 3140 1955 3170 aeneus,
1967 3139 2042 3176 quo
2056 3128 2174 3166 multat
2182 3141 2265 3177 gen-

1329 3189 1380 3214 tes
1397 3187 1554 3218 utuntur,
1571 3176 1726 3218 emendo,
1741 3178 1775 3212 ὃς
1786 3176 1980 3218 vendendo,
1991 3175 2119 3224 hicque
2133 3178 2266 3213 constat

1330 3239 1370 3261 ex
1384 3226 1568 3262 duodecim
1587 3224 1729 3259 denariis
1740 3224 1861 3267 aeneis,
1875 3234 1917 3259 ut
1930 3224 1999 3259 dixi
2011 3224 2046 3258 d.
2057 3226 2106 3274 gl.
2124 3226 2222 3273 3.]ὶώ
2231 3237 2264 3260 n.

1334 3275 1386 3309 18.
1406 3274 1587 3309 Secundus
1609 3272 1734 3308 dicitur
1759 3272 1886 3308 solidus
1901 3283 2048 3314 aureus,
2067 3284 2141 3320 quo
2161 3273 2264 3309 etiam

1329 3323 1467 3363 utimur,
1480 3320 1636 3361 emendo,
1649 3321 1684 3357 δε
1697 3321 1892 3363 vendendo,
1903 3323 1937 3356 δι
1949 3320 2007 3354 hic
2019 3321 2065 3356 est
2080 3321 2169 3357 idern
2184 3332 2264 3356 cum

1329 3382 1480 3412 nummo,
1493 3369 1549 3404 seu
1563 3368 1662 3404 scuto
1674 3380 1791 3412 aureo,
1809 3380 1846 3406 ut
1857 3369 1927 3404 dixi
1943 3368 2035 3418 d.gl.
2050 3369 2148 3417 3.fiab
2158 3381 2190 3404 n.
2208 3381 2260 3416 ¹3·

1331 3419 1366 3456 ὠ·
1380 3420 1474 3467 seqq.
1496 3419 1530 3453 δε
1554 3417 1612 3452 hic
1631 3416 1729 3452 etiam
1747 3418 1877 3453 constat
1895 3429 1935 3452 ex
1950 3416 2133 3452 duodecim
2159 3416 2266 3452 dena-

1331 3466 1398 3507 riis,
1418 3466 1472 3502 vel
1488 3465 1592 3511 paulo
1607 3465 1728 3507 minus,
1745 3476 1781 3502 ut
1796 3465 1865 3500 dixi
1882 3467 1905 3499 l.
1918 3465 1968 3514 gl.
1987 3477 2017 3510 3.
2028 3475 2060 3498 n.
2077 3476 2134 3512 73.
2152 3465 2188 3501 ό
2205 3476 2264 3511 74.

1330 3514 1388 3548 sed
1405 3514 1550 3562 quilibet
1572 3513 1731 3547 denarius
1748 3514 1795 3548 est
1811 3523 1991 3560 argenteus
2004 3537 2015 3552 ,
2037 3513 2099 3560 qui
2119 3512 2208 3546 valet
2223 3524 2266 3548 u-

1331 3574 1411 3597 num
1426 3562 1560 3607 julium,
1577 3561 1631 3596 seu
1647 3571 1751 3596 unum
1766 3563 1930 3608 regalem,
1947 3569 1986 3594 ut
1999 3559 2066 3594 dixi
2078 3560 2170 3610 d.gl.
2186 3573 2218 3607 3.
2231 3572 2264 3598 n.

1334 3623 1390 3646 20.
1400 3609 1512 3656 (σῇς.
1521 3608 1662 3643 Tertius
1672 3608 1796 3644 dicitur
1806 3608 1933 3644 solidus
1943 3618 2064 3642 aureus
2077 3607 2267 3657 fi&us‚quo

1333 3668 1565 3705 negotiatores
1578 3665 1725 3691 utuntur
1740 3657 1773 3692 in
1791 3655 1929 3692 calculis
1940 3682 1950 3697 ,
1961 3656 1995 3690 ὃς
2010 3657 2213 3699 ratiociniis,
2231 3659 2268 3694 δε

1328 3706 1395 3746 ,ifle
1421 3705 1469 3741 est
1493 3704 1649 3751 vigefima
1668 3716 1743 3750 pars
1764 3705 1865 3741 unius
1880 3704 1966 3740 scuti
1979 3705 2207 3746 marcharum,
2232 3706 2267 3743 ὃς

2142 3753 2269 3792 dicitur

2367 271 2399 313 dici

2370 335 2399 374 goi

2366 381 2400 410 Jnf

2323 433 2335 469 ι,
2371 430 2398 458 n·¹

2324 476 2333 494 κ’
2372 479 2399 505 utu

2373 527 2400 554 mn*

2335 570 2338 615 1
2373 565 2400 602 lidc

2375 627 2395 664 gu

2380 676 2394 712 5.

2380 775 2397 798 lll
