2400 3939
351 210 400 276 §.
432 206 542 273 IX,
572 204 767 267 Const.
800 207 888 291 Ptj
920 202 1039 272 IV.
1070 210 1131 273 δε
1161 210 1251 295 Pij
1281 203 1446 292 super
1476 213 1656 276 camb.

150 292 227 328 Nos
238 292 343 339 igitur
353 293 526 337 cupientes
542 303 603 339 pro
620 292 719 326 nostri
734 291 897 338 pastoralis
910 294 1010 328 officii

80 375 83 379 ⁴
101 341 221 376 debito
237 366 247 381 ,
263 340 429 386 praemiffis
449 350 609 388 quantum
631 351 703 375 curn
720 340 800 374 Deo
818 339 1010 386 possumus,

104 389 156 422 via
175 389 274 423 celeri
300 387 480 422 remedium
503 387 642 432 aliquod
667 387 825 421 adbibere
842 414 851 428 ‚
877 400 1010 423 eorum-

102 437 251 483 demque
271 446 491 469 mercatorum
510 435 696 468 insatiabilis
713 435 820 470 iisurae
835 437 987 481 pravitati
1002 461 1012 477 ,

103 493 290 528 eorumque
306 483 483 516 animarum
509 482 602 517 saluti
620 509 629 523 ,
654 483 687 517 δε
706 484 903 518 mercantilis
923 496 1012 518 exer·-

103 531 173 566 citii
199 529 349 565 fidelitati
370 557 378 569 ‚
405 530 649 577 curialiumque
669 531 906 576 praedit‘torum
921 558 930 572 ‚
948 543 1012 568 tam

102 580 294 614 enormibus
316 578 504 612 laesionibus
519 605 530 621 ‚
559 588 664 625 atque
683 579 1012 614 incommoditatibus

102 638 242 672 paterno
268 625 386 660 affefiu
412 637 601 672 opportune
626 627 807 661 consulere.
843 627 948 663 Motu
974 627 1010 661 si-

102 675 195 714 mili,
224 676 290 709 &c.
314 673 450 708 Dilecto
473 674 542 709 filio
568 674 667 708 ὤθεε
690 674 779 709 urbis
801 677 921 711 nollrae
943 688 1013 709 mo-

102 721 210 757 derno
228 722 455 757 Gubernatori
473 749 483 762 ‚
509 733 547 757 ut
571 721 613 756 ad
642 734 781 756 camerae
800 723 1013 768 Apostolicae

101 769 317 806 Commissarii
337 769 498 815 generalis
511 796 520 810 ‚
537 781 600 805 nec
625 782 691 804 non
705 770 805 816 partis
820 771 908 805 iaesae
930 782 1013 818 que-

101 819 201 852 relam
217 843 226 857 ,
253 817 307 851 seu
330 817 511 851 instantiam
531 817 686 852 omnibus
702 844 710 858 ‚
732 819 764 853 ὅ(
782 818 915 865 singulis
931 830 1012 852 mer-

101 866 271 902 catoribus
298 865 466 900 Rornanae
489 865 592 899 curiae
617 891 626 907 ,
652 866 753 911 seque
781 878 822 900 ne
842 867 874 899 in
904 866 1014 912 poste-

100 926 172 949 rum
193 914 209 948 a
229 911 283 947 die
297 912 386 947 datae
409 913 618 958 praesentium
636 939 644 953 ,
662 914 722 948 sub
738 914 870 958 majoris
883 926 1015 948 excom-

101 961 335 997 municationis
349 961 426 996 latae
444 961 615 995 sententia*
627 987 635 999 ,
659 973 699 996 ac
715 963 860 996 duorum
878 963 1015 996 millium

102 1009 304 1044 ducatorum
322 1010 392 1042 auri
414 1009 445 1042 in
459 1021 541 1043 auro
566 1009 670 1042 eidem
695 1021 835 1044 camerae
855 1009 1013 1043 irremiffi-

100 1057 211 1094 biliter
233 1056 504 1102 applicandorum
521 1056 591 1102 ipso
617 1056 703 1090 sisto
720 1057 924 1091 incurrendis
943 1068 1015 1104 poe—

100 1105 153 1140 nis
181 1105 200 1138 a
226 1105 325 1138 distae
351 1105 441 1139 urbis
467 1105 659 1139 Curialibus
682 1103 939 1153 quibuscunque
966 1117 1015 1139 ra-

102 1154 196 1189 tione
229 1163 519 1200 quarumcumque
550 1152 794 1197 obligationum
820 1178 830 1192 ‚
855 1165 952 1187 etiam
983 1154 1016 1186 in

101 1200 252 1246 ampliori
277 1199 383 1233 sotira
405 1211 542 1234 camerae
561 1210 624 1233 tam
651 1200 820 1246 principali
845 1211 944 1246 quam
962 1212 1015 1234 ac-

103 1248 255 1282 cessoriae
276 1274 285 1288 ,
315 1249 345 1281 ὃ(
380 1246 587 1293 fidejussorio
621 1248 799 1292 respestive
827 1250 1016 1282 nominibus

101 1296 259 1330 sastarum
286 1322 294 1334 ,
318 1294 476 1341 deinceps
499 1295 762 1341 quomodolibet
794 1295 974 1330 fiendariim
1004 1322 1014 1338 ,

102 1354 166 1391 pro
186 1343 338 1390 pecuniis
365 1342 406 1375 ad
434 1345 622 1383 cambium,
643 1344 838 1378 recambium
860 1370 869 1384 ,
894 1347 927 1378 δε
954 1343 1016 1377 hu-

101 1391 247 1439 jusmodi
272 1391 316 1424 fic
335 1390 491 1436 usurariae
510 1417 519 1430 ,
540 1392 572 1424 ὅ(
591 1391 676 1425 malo
698 1392 800 1425 modo
817 1392 964 1437 acceptis
983 1393 1016 1426 δ(

102 1439 306 1485 accipiendis
322 1465 331 1479 ,
351 1451 390 1472 ac
414 1439 444 1471 in
468 1439 617 1484 partibus
643 1451 708 1472 non
732 1438 845 1474 solutis
867 1451 924 1473 aut
949 1453 1016 1474 non

103 1486 272 1522 solvendis
307 1487 390 1521 ultra
422 1485 575 1520 summam
607 1498 860 1521 convenientem
892 1514 901 1526 ,
938 1498 1016 1534 quae

101 1534 344 1570 mercatoribus
360 1535 502 1568 realibus
518 1533 577 1580 qui
604 1545 679 1568 vera
700 1535 825 1568 can->bia
843 1535 938 1568 realia
954 1562 962 1574 ,
984 1537 1016 1569 &

101 1595 171 1618 non
194 1583 276 1617 ficca
303 1581 431 1616 faciunt
459 1608 467 1619 ,
489 1581 532 1616 de
559 1584 633 1627 jure
661 1583 694 1615 δε
722 1582 808 1630 llylo
837 1583 1017 1622 mercantili

101 1642 181 1664 vere
202 1630 379 1665 deberet-ir
398 1655 406 1669 ,
428 1629 481 1663 h÷c
499 1630 529 1663 in
547 1631 636 1664 curia
652 1641 766 1675 peiere
779 1657 786 1670 ‚
805 1630 937 1676 exigere
959 1641 1017 1665 aut

102 1678 235 1713 eosdem
269 1679 409 1711 curiales
449 1678 502 1710 via
525 1678 607 1722 J'uris
643 1679 884 1722 obligationum
921 1679 1017 1712 eiiam

101 1726 136 1760 in
171 1725 277 1761 forma
299 1725 398 1760 distae
427 1737 566 1759 camerae
585 1727 826 1760 celebratorum
868 1727 902 1761 ὅ(
929 1727 1015 1760 cele·

100 1775 271 1810 bratorum
316 1774 434 1821 vigore
462 1799 470 1812 ,
495 1772 548 1806 seu
578 1784 744 1818 praetextu
774 1785 899 1820 cogere
925 1801 933 1814 ‚
961 1773 1016 1808 seu

99 1833 181 1867 cogi
196 1833 252 1857 aut
270 1821 563 1860 excommunicari,
577 1823 642 1858 &c.
659 1822 710 1854 vel
725 1823 801 1854 alias
823 1822 1016 1867 quomodo—

97 1869 180 1904 libet
195 1870 227 1904 in
245 1881 361 1903 eorum
385 1868 531 1913 personis
548 1895 555 1907 ,
575 1870 607 1903 ὅ(
627 1871 722 1903 bonis
751 1869 911 1903 molellari
927 1897 935 1909 ,
962 1869 1016 1904 seu

98 1918 275 1965 inquietari
294 1916 404 1960 facere
417 1916 560 1949 audeant
576 1944 584 1955 ,
604 1919 653 1951 vel
671 1917 890 1961 praesumant,
909 1917 1016 1950 dillri-

99 1965 183 1998 stius
204 1964 262 1999 siib
283 1976 384 2012 poena
408 1991 417 2005 ,
444 1976 522 2009 quae
549 1965 579 1998 in
603 1965 900 1999 constitutionibus
928 1965 1017 1998 Mar-

96 2014 187 2047 cbiie
203 2023 321 2048 contra
343 2010 508 2046 usurarios
525 2012 679 2047 statuitur
694 2039 703 2052 ,
721 2013 753 2046 ὅ(
767 2013 834 2046 aliis
856 2013 914 2047 suo
931 2013 1016 2046 arbi-

97 2061 165 2096 trio
189 2061 401 2094 moderandis
431 2060 540 2104 poenis
565 2061 731 2099 inhibeat,
753 2071 815 2093 nec
839 2071 905 2094 non
924 2061 1016 2108 quas-

96 2119 237 2156 cunque
257 2108 479 2151 obligationes
500 2108 596 2143 etiiim
626 2109 656 2142 in
679 2106 814 2154 praef‘ita
838 2107 941 2142 forma
961 2120 1016 2143 ca-

78 2169 198 2190 .mera⁹
212 2183 222 2196 ‚
246 2154 424 2190 occasione
444 2167 726 2203 quarumcunque
744 2157 935 2200 partitarua:
959 2168 1015 2202 pe-

97 2205 270 2239 cuniarum
293 2204 334 2238 ad
355 2202 516 2237 cambium
535 2230 543 2244 ,
560 2204 591 2237 &
607 2206 806 2237 recambium
822 2203 1015 2249 hujusmodi

95 2251 268 2298 praedistis
293 2252 533 2285 mercatoribus
566 2263 643 2285 cum
678 2250 798 2284 eisdem
835 2253 1015 2286 curialibus

95 2299 358 2348 quomodolibet
384 2298 483 2333 fatias
500 2325 508 2338 ,
532 2300 672 2345 (ἵε-(μιῆς
693 2310 892 2333 mercatores
916 2299 974 2345 ipsi
994 2300 1012 2334 ὲ

95 2347 266 2393 praedistis
288 2348 489 2388 curialibus,
519 2357 677 2394 tanquam
699 2346 935 2394 principalibus
957 2346 1012 2382 seu

94 2394 344 2442 fidejussoribus
366 2394 420 2429 liic
445 2395 477 2428 in
509 2397 592 2429 urbe
620 2394 693 2439 post
717 2394 839 2430 distum
868 2395 1013 2430 bannum

94 2442 267 2479 dumtaxat
289 2443 495 2489 repetierunt
512 2469 521 2483 ,
543 2444 576 2484 ὃς
600 2453 784 2487 exegerunt
799 2469 807 2482 ‚
831 2444 864 2477 δε
882 2454 1013 2489 τερθρε-

92 2501 192 2532 runt‚
209 2503 332 2538 ac·pr0
356 2503 421 2525 non
446 2489 563 2525 solutis
588 2502 722 2537 exigere
736 2517 744 2529 ,
763 2491 796 2524 &
817 2502 1014 2536 recuperare

90 2538 291 2578 intendunt,
307 2550 382 2573 cum
401 2538 529 2574 cambia
543 2538 736 2585 hujusmodi
753 2538 837 2573 sicca
850 2566 858 2578 ‚
877 2539 928 2573 vel
945 2545 1018 2572 non·

90 2587 187 2622 realia
204 2587 223 2621 ὲ
244 2586 343 2623 sacris
360 2586 546 2622 canonibus
564 2587 732 2629 prohibita
750 2585 822 2626 sint,
841 2586 1011 2627 usurarias,

90 2646 222 2682 pravas,
238 2635 366 2682 iniquas
378 2662 386 2673 ,
401 2633 628 2674 detestabiles,
648 2634 857 2675 interdistas,
875 2637 906 2670 &
924 2634 1014 2668 dam-

93 2693 186 2717 natas
198 2709 209 2724 ‚
223 2694 264 2717 ac
282 2681 502 2730 quascunque
518 2682 744 2727 obligationes
757 2708 765 2722 ‚
782 2683 881 2716 etiam
898 2683 930 2715 in
946 2681 1014 2717 sor-

89 2742 142 2765 ma
171 2729 310 2776 praesata
336 2740 478 2764 camerae
505 2730 722 2776 Apostolicae
749 2756 758 2769 ,
787 2731 861 2776 post
887 2730 1011 2765 dietum

89 2778 233 2814 bannum
257 2778 418 2816 duntaxat
447 2778 588 2823 desuper
607 2778 730 2812 illarum
766 2778 942 2812 occasione
966 2776 1010 2812 fa-

44 2845 46 2847 ·
89 2826 168 2867 stas,
183 2826 289 2861 nullas
307 2825 514 2861 &invalidas
529 2826 666 2860 existere
687 2825 887 2860 auetoritate
903 2826 971 2860 noli
979 2837 1011 2859 ra

89 2875 249 2910 decernat
266 2875 300 2909 δι
316 2873 486 2913 declaret,
505 2878 682 2921 totaniq-ie
707 2872 863 2907 summam
888 2873 1010 2919 princi-

88 2923 196 2969 palem
213 2933 272 2968 per
289 2921 422 2957 eosdem
441 2932 643 2955 mercatores
661 2921 805 2954 εκεᾶιιηπ
821 2947 828 2958 ,
854 2922 887 2955 δε
913 2932 1011 2955 recu-

88 2979 252 3017 peratam,
270 2971 364 3016 juxta
384 2967 522 3003 formam
540 2969 704 3003 <littorum
720 2968 1012 3004 bannimentorurn

89 3029 129 3052 ex
144 3026 234 3051 nunc
257 3016 328 3064 ipso
351 3016 438 3051 fasto
461 3016 568 3050 eidem
595 3025 736 3051 camerae
767 3016 982 3060 Apostolicre
997 3043 1006 3058 ‚

87 3065 172 3112 parti
190 3075 273 3100 vero
296 3064 385 3100 iaesae
407 3065 442 3099 id
459 3091 467 3104 ‚
493 3063 590 3111 quod
614 3064 697 3099 ultra
717 3064 910 3109 praedistam
929 3063 1011 3098 sumi-

87 3121 171 3148 mam
189 3112 404 3159 principalen
422 3113 454 3146 in
472 3112 606 3145 cambiis
629 3112 663 3145 &
682 3112 855 3146 recumbiis
871 3139 879 3151 ,
900 3113 965 3147 &c.
992 3113 1010 3146 ὰ

86 3160 184 3196 distis
197 3161 439 3195 mercatoribus
450 3158 706 3193 irremissibiliter
722 3159 920 3205 exigendam
932 3187 940 3200 ,
959 3171 1010 3193 re-

87 3207 316 3255 cuperandam
331 3232 341 3249 ,
368 3210 401 3243 &
423 3207 658 3241 restituendam
680 3208 825 3252 applicet
845 3233 855 3248 ,
885 3209 919 3243 dt
939 3208 1011 3242 cos-

87 3255 166 3291 dem
194 3266 398 3290 mercatores
430 3255 524 3300 juxta
549 3254 808 3288 constitutiones
837 3255 1012 3299 praedistas

90 3304 250 3340 marchiae
266 3303 481 3338 condemnet.
495 3302 583 3335 Ciim
597 3302 765 3347 potestate
782 3301 914 3336 eosdem
933 3315 1014 3337 mer-

91 3362 243 3392 catores,
259 3352 293 3386 &
311 3362 426 3386 eorum
444 3350 629 3400 quemlibet
645 3376 652 3388 ‚
670 3345 852 3396 omnest‘Jue
863 3350 964 3390 alios,
979 3353 1013 3387 dc

91 3399 240 3446 singulos
257 3397 312 3433 sua
332 3397 572 3437 communiter,
599 3399 651 3430 vel
671 3397 796 3432 divisim
814 3400 1012 3444 quomodo-

93 3447 176 3484 libet
193 3445 347 3482 interesse
371 3457 527 3492 putantes
553 3445 586 3478 iri
611 3445 698 3478 dieti
715 3445 817 3479 Curia
834 3472 843 3484 ,
865 3446 898 3480 ὃς
922 3457 1013 3482 extra

91 3505 164 3530 eam
176 3495 314 3536 citandi,
334 3505 373 3529 ac
386 3494 511 3540 quibus
529 3493 562 3527 ὅ(
579 3493 718 3540 quoties
730 3493 924 3537 inliibedum
940 3495 1012 3533 erit,

93 3542 192 3576 etiam
215 3543 272 3578 sub
299 3541 656 3577 excommunicationis
671 3567 680 3581 ‚
709 3540 922 3586 suspensionis
943 3568 951 3582 ‚
981 3543 1014 3577 ὃς

91 3589 297 3631 interdistis,
317 3589 455 3637 aliisque
477 3587 716 3625 Ecclefiassicis
733 3588 901 3623 sententiis
914 3616 921 3627 ,
934 3602 1014 3624 cen-

88 3635 171 3672 suris
185 3663 195 3678 ‚
213 3638 247 3672 &
263 3638 371 3684 poenis
382 3638 478 3672 etiam
496 3636 694 3683 pecuniariis
710 3635 857 3681 ejusdem
877 3637 1013 3671 Guber-

90 3686 219 3721 natoris
242 3686 379 3721 arbitrio
400 3684 610 3720 moderandis
623 3709 632 3725 ,
649 3685 683 3718 &
704 3683 909 3731 applicandis
926 3685 1010 3720 inhi-

1873 240 1973 295 503

1069 292 1168 328 bendi
1186 319 1196 335 ,
1215 294 1508 342 inobedientesque
1521 324 1530 339 ,
1555 300 1588 333 ὅ(
1608 299 1746 335 rebelles
1758 302 1979 352 quoscunque

1068 341 1243 376 sententias
1257 368 1267 383 ,
1288 344 1320 377 ὅ(
1345 342 1496 377 censuras
1509 372 1517 386 ‚
1539 347 1572 381 &
1590 359 1704 392 poenas
1721 349 1909 395 hujusmodi
1928 354 1977 387 in·
2006 365 2013 373 ’

1069 388 1204 430 adase,
1225 390 1257 424 δε
1281 390 1448 425 ιιιευιῐ.ὶῖε
1465 393 1675 436 declarandi,
1696 396 1728 430 &
1749 400 1977 443 aggravandi,

1071 439 1310 483 reaggravandi
1326 466 1333 475 ,
1351 439 1384 473 &
1399 441 1638 482 interdicendi,
1655 442 1814 478 invocato
1826 446 1921 480 etiam
1935 447 1979 481 ad

1069 483 1136 519 hoc
1152 510 1160 525 ,
1178 485 1198 518 li
1219 497 1305 531 opus
1325 486 1425 521 fuerit
1446 488 1570 523 bracliii
1585 489 1735 525 secularis
1749 493 1874 527 auxilio
1888 519 1898 533 ,
1917 504 1979 528 nec

1069 543 1136 566 non
1158 532 1252 578 super
1274 534 1440 581 praemissit·
1461 538 1615 572 omnibus
1637 539 1805 574 summarie
1830 541 1980 585 iimplici-

1073 589 1122 613 ter
1137 607 1146 620 ‚
1171 581 1203 615 δε
1223 580 1266 615 de
1282 581 1380 627 plano
1402 582 1467 616 sine
1485 585 1621 631 strepitu
1637 611 1645 626 ‚
1664 587 1697 621 &
1711 586 1818 633 figura
1837 588 1956 632 judicii
1969 614 1979 630 ,

1071 626 1125 661 seu
1146 628 1208 661 tela
1223 628 1397 673 judiciaria
1411 655 1422 671 ,
1439 630 1572 677 singulis
1588 634 1707 668 diebus
1722 637 1754 669 ὅ(
1771 634 1860 669 horis
1872 663 1880 677 ‚
1899 648 1982 682 prae-

1073 686 1223 722 terquam
1240 675 1272 710 in
1290 677 1451 711 honorem
1465 680 1532 715 Dei
1551 680 1675 715 seriatis
1690 683 1916 728 procedendi,
1933 685 1984 718 di-

1072 723 1210 770 &osque
1230 726 1502 766 mercatoresj&
1525 739 1641 762 eorum
1665 731 1847 776 quemlibet
1864 731 1905 765 ad
1929 743 1985 767 ex-

1074 770 1253 805 hibendum
1271 770 1506 820 quoscumque
1522 775 1624 810 libi-os
1643 788 1661 810 e
1678 788 1737 811 iam
1753 778 1917 814 rationum
1932 780 1985 815 via

1072 819 1154 865 juris
1167 844 1177 858 ,
1197 820 1231 853 ὅς
1247 818 1306 854 sub
1322 819 1441 854 eisdem
1463 821 1630 864 censuris,
1651 826 1684 860 &
1703 836 1819 870 poenas
1835 828 1987 874 compes-

1073 867 1161 901 lendi
1176 893 1184 905 ,
1203 878 1396 914 caeteraque
1434 868 1474 902 lia
1493 870 1658 912 faciendi,
1675 872 1822 914 dicendi,
1833 874 1984 920 gerendi,

1073 914 1270 954 exercendi,
1294 917 1326 948 ὅ(
1350 916 1557 962 exequendi,
1579 929 1660 965 quae
1681 920 1712 954 in
1733 921 1898 966 praemiffis
1917 934 1986 957 om-

1074 963 1170 996 nibus
1185 988 1192 1002 ,
1211 962 1242 995 6<
1256 963 1343 996 circa
1365 975 1400 996 ea
1417 963 1590 999 necessaria
1608 965 1731 1002 fuerint
1745 994 1753 1007 ,
1773 968 1827 1001 seii
1843 980 1986 1016 quomo-

1075 1009 1202 1044 dolibet
1228 1021 1419 1057 opportuna
1445 1013 1685 1049 committimus
1707 1041 1717 1056 ,
1738 1017 1772 1050 &
1793 1017 1986 1052 mandamus

1074 1057 1238 1104 praem-siis
1262 1084 1272 1098 ,
1298 1070 1337 1092 ac
1364 1059 1538 1105 quibusvis
1560 1062 1629 1096 aliis
1657 1063 1956 1100 constitutionibus
1973 1092 1983 1108 ,

1076 1106 1343 1140 ordinationibus
1365 1108 1574 1152 Apostolicis
1594 1136 1604 1151 ,
1633 1111 1784 1154 statutis,
1805 1112 1986 1148 consuetu-

1074 1153 1206 1199 dinibus
1222 1180 1229 1192 ,
1249 1154 1540 1199 capitulationibus
1557 1158 1722 1239 depastis,
1743 1170 1804 1193 nec
1821 1172 1886 1194 non
1901 1162 1987 1195 obli-
2023 1174 2027 1178 ·

1074 1200 1269 1246 gationibus
1285 1228 1294 1241 ,
1316 1201 1412 1235 etiam
1433 1213 1465 1235 in
1493 1204 1578 1238 dieta
1614 1218 1703 1240 orma
1725 1217 1865 1242 camerae
1887 1209 1985 1244 etiam

1074 1250 1263 1294 juramento
1279 1275 1287 1288 ,
1301 1251 1367 1282 ἅς.
1385 1250 1510 1284 vallatis
1526 1263 1564 1286 ac
1575 1254 1685 1298 palatii
1697 1281 1706 1295 ‚
1725 1256 1754 1288 ὃ(
1773 1254 1887 1290 Curiae
1904 1268 1987 1291 mei·-

1075 1306 1226 1330 catorum
1251 1296 1442 1342 hujusvodi
1463 1299 1549 1346 stylo
1572 1313 1703 1336 necnon
1729 1303 1878 1347 partitis,
1898 1304 1987 1339 libris

1075 1344 1109 1378 &
1127 1344 1331 1384 rationibus,
1354 1346 1386 1380 ὃ(
1410 1347 1579 1392 computis
1598 1348 1738 1395 desuper
1768 1352 1987 1398 quomodoli-

1075 1393 1132 1426 bet
1146 1391 1236 1425 factis
1253 1418 1261 1432 ‚
1279 1394 1312 1426 &
1326 1394 1497 1439 quibusvis
1511 1395 1653 1431 licentiis
1673 1396 1779 1431 forsan
1796 1399 1890 1432 distis
1905 1411 1987 1433 mer-

1076 1440 1249 1473 catoribus
1264 1452 1321 1486 per
1341 1440 1564 1488 quoscunque
1581 1444 1678 1477 eiiam
1694 1445 1824 1480 nostros
1846 1448 1987 1492 majores

1077 1488 1234 1522 offictaies
1249 1514 1258 1528 ‚
1279 1488 1374 1522 etiarn
1396 1491 1485 1522 urbis
1504 1491 1758 1526 G·;bernat0res
1784 1494 1953 1528 concessas
1976 1522 1987 1536 ,

1076 1546 1159 1580 quas
1173 1544 1289 1569 contra
1304 1535 1481 1582 expressim
1499 1550 1636 1573 mentem
1656 1541 1794 1575 nostram
1812 1541 1910 1576 saetas
1925 1540 1990 1577 effe

1077 1581 1280 1616 declaramus
1293 1611 1301 1625 ‚
1321 1584 1518 1632 caeterisque
1533 1586 1562 1620 in
1580 1588 1780 1622 contrarium
1796 1591 1990 1636 quomodo-

1077 1631 1331 1665 libetiaoendis
1343 1645 1409 1665 non
1424 1633 1630 1668 obstantibus
1640 1635 1901 1683 quibuscunque
1911 1649 1993 1672 met-

1078 1689 1227 1712 catoruin
1249 1679 1282 1712 ἀ
1301 1679 1473 1713 curialium
1496 1681 1688 1727 hujusmodi
1704 1685 1845 1723 nomina,
1863 1697 1993 1731 cogno-

1077 1726 1174 1765 mina,
1191 1727 1222 1760 ὃς
1236 1727 1425 1772 qualitates,
1445 1739 1484 1762 ac
1496 1731 1722 1775 pecuniarum,
1737 1732 1772 1766 <Sc
1786 1733 1993 1767 creditorum

1079 1784 1283 1820 quantitates
1297 1801 1305 1815 ,
1320 1775 1532 1824 aliorumque
1552 1777 1607 1811 iiic
1624 1777 1729 1812 forsan
1744 1779 1787 1813 de
1804 1780 1993 1816 neceffitate

1078 1821 1213 1873 exprimi
1248 1822 1500 1857 necessari'orum
1534 1834 1666 1860 tenores
1691 1850 1702 1868 ‚
1730 1829 1954 1864 continentias
1981 1855 1992 1870 ,

1076 1867 1198 1902 formas
1215 1895 1223 1906 .
1241 1870 1274 1904 ἀ
1297 1871 1496 1915 compendia
1520 1884 1581 1918 pro
1604 1874 1721 1920 plene,
1745 1874 1995 1911 &sufficienter

1077 1915 1229 1962 expressis
1262 1918 1423 1952 habendis
1449 1945 1457 1959 ,
1488 1920 1727 1969 praesentisque
1752 1923 1853 1957 nostri
1881 1936 1994 1958 motus

1076 1965 1203 2015 proprii
1227 1964 1326 1999 solam
1349 1965 1544 2012 fignaturam
1565 1969 1662 2006 etiarn
1685 1970 1810 2018 absque
1832 1971 1919 2005 illius
1941 1984 1993 2006 re-

1076 2013 1251 2057 gistratum
1274 2013 1423 2048 sufficere
1442 2041 1451 2052 ,
1476 2016 1509 2050 &
1528 2017 1655 2063 ubique
1673 2017 1772 2051 fidem
1794 2018 1904 2054 facere
1926 2031 1992 2054 tam

1076 2059 1109 2093 in
1131 2061 1263 2105 jutl2cio
1285 2088 1294 2099 ,
1315 2074 1413 2108 quani
1435 2074 1547 2104 extra,
1569 2074 1701 2100 attento
1723 2067 1819 2113 quod
1847 2067 1879 2101 in
1906 2068 1992 2102 urbe

1078 2107 1140 2141 hac
1151 2109 1244 2159 juxta
1260 2109 1346 2142 ill=us
1362 2108 1498 2144 formam
1511 2137 1520 2152 ,
1540 2113 1734 2147 &tenorem
1747 2125 1804 2159 per
1820 2114 1992 2161 quoscun-

1076 2166 1146 2202 que
1171 2155 1301 2201 judices
1327 2183 1336 2195 ,
1365 2159 1430 2191 ἃς.
1456 2159 1580 2194 sublata
1596 2187 1605 2202 ,
1628 2162 1694 2195 ἃς.
1726 2162 1868 2207 judicari
1889 2189 1898 2202 ,
1922 2163 1990 2198 (Sec.

1076 2205 1199 2238 debere
1214 2231 1220 2240 .
1238 2216 1298 2240 nec
1314 2204 1357 2239 de
1372 2207 1592 2253 subreptionis
1605 2236 1613 2248 ‚
1637 2209 1688 2245 vei
1713 2210 1923 2256 obreptionis
1944 2211 1991 2244 vi-

1076 2251 1125 2285 tio
1140 2277 1148 2291 ,
1171 2251 1224 2285 seu
1247 2253 1440 2287 intentionis
1458 2256 1578 2290 notirae
1601 2256 1734 2291 defestu
1756 2259 1825 2292 ullo
1843 2269 1991 2305 unquam

1076 2309 1228 2351 tempore
1249 2301 1356 2334 notari
1374 2328 1381 2338 ,
1405 2311 1463 2336 aut
1485 2305 1670 2350 impugnari
1689 2305 1780 2349 posse
1797 2332 1806 2346 ,
1834 2305 1992 2352 illiusiue

1076 2358 1188 2399 copiae
1213 2359 1269 2393 per
1295 2359 1396 2382 unum
1422 2361 1461 2383 ex
1486 2352 1602 2385 notiris
1617 2352 1812 2387 cursoribus
1832 2365 1908 2388 cum
1923 2354 1991 2388 ori-

1075 2395 1174 2440 ginali
1189 2395 1389 2431 auscultatae
1404 2423 1412 2438 ‚
1432 2398 1464 2432 ὅ(
1482 2400 1721 2434 mercatoribus
1736 2429 1745 2443 ,
1764 2401 1901 2448 aliisque
1915 2413 1991 2448 per·
2021 2406 2024 2410 '

1076 2443 1185 2483 sonis,
1211 2444 1244 2477 ὃς
1267 2443 1440 2487 J'udicibus
1462 2445 1672 2491 praesentatae
1697 2449 1762 2484 vim
1788 2451 1908 2484 valida:
1925 2476 1933 2489 ‚
1957 2450 1991 2484 δε

1076 2490 1218 2525 efficacis
1233 2491 1437 2527 inhibitionis
1456 2493 1598 2529 habeant
1614 2522 1622 2535 ,
1642 2507 1682 2531 ac
1702 2496 1723 2530 si
1743 2498 1905 2545 originale
1924 2497 1991 2532 hoc

1073 2537 1306 2585 praesentatun
1321 2539 1409 2576 foret
1421 2567 1429 2581 ,
1445 2553 1652 2589 quacunque
1668 2547 1782 2590 regula
1796 2573 1804 2586 ,
1827 2546 1894 2581 sive
1910 2556 1990 2580 con-

1075 2586 1250 2668 stithione
1265 2587 1298 2620 in
1315 2589 1518 2624 contrarium
1544 2589 1649 2626 forsan
1673 2593 1763 2629 edita
1779 2604 1990 2643 nequaquam

1076 2636 1123 2669 ob
1153 2642 1241 2669 ante.

1121 2728 1223 2764 Tenor
1249 2732 1481 2778 Constitutionis
1503 2736 1556 2770 Pii
1584 2735 1623 2775 V,
1644 2740 1747 2785 super
1777 2735 1934 2774 Cambiis.

1074 2831 1133 2913 P
1150 2825 1208 2862 Ius
1218 2825 1419 2874 Episcopus,
1434 2828 1544 2865 serviis
1560 2831 1727 2868 servorum
1742 2834 1821 2871 Dei.
1839 2833 1898 2868 Ad
1912 2844 1986 2880 per-

1149 2885 1281 2926 petuam
1297 2875 1341 2909 rei
1362 2878 1561 2912 memoriam.
1580 2880 1622 2916 In
1639 2892 1706 2916 eam
1723 2894 1784 2928 pro
1801 2882 1913 2917 nostro
1929 2893 1988 2928 pa-

1074 2922 1183 2956 storali
1208 2922 1322 2974 officio
1340 2934 1451 2958 curam
1474 2925 1653 2973 diligenter
1675 2929 1897 2964 incumbimus
1914 2955 1924 2970 ‚
1951 2937 1993 2968 ut

1073 2969 1172 3022 D.N.
1194 2971 1316 3005 ovibus
1337 2982 1532 3018 opportuna
1547 2986 1608 3019 pro
1630 2976 1806 3012 animarum
1820 2977 1924 3012 salute
1939 2988 1990 3012 re-

1074 3018 1180 3052 media
1200 3018 1361 3052 adhibere
1387 3020 1518 3055 minime
1539 3021 1740 3059 differamus.

1122 3065 1208 3101 Cum
1225 3066 1340 3117 itaque
1361 3066 1403 3101 ad
1424 3079 1521 3103 aures
1539 3071 1664 3105 nostras
1678 3073 1866 3118 pervenerit
1881 3100 1891 3114 ,
1907 3073 1994 3121 tegi-

1074 3114 1189 3149 timum
1215 3115 1420 3164 cambiorum
1436 3115 1528 3152 usum
1542 3143 1552 3158 ,
1576 3128 1676 3165 quern
1695 3121 1863 3157 necessitas
1883 3122 1995 3168 publi-

1075 3172 1184 3208 caque
1208 3161 1335 3212 utilitas
1354 3162 1512 3214 induxit,
1538 3165 1628 3212 saepe
1656 3172 1795 3203 numero
1817 3170 1862 3204 ob
1883 3169 1994 3204 illiciti

1074 3209 1225 3257 quaestus
1246 3208 1464 3254 cupiditatem
1488 3211 1531 3245 sic
1557 3213 1754 3259 depravari,
1777 3227 1816 3252 ut
1831 3216 1888 3252 sub
1907 3217 1994 3251 illius

1075 3265 1243 3303 praetextu
1270 3257 1412 3308 usuraria
1438 3259 1581 3304 pravitas
1605 3263 1624 3295 a
1649 3264 1815 3298 nonnullis
1839 3275 1994 3299 exercea-

1075 3313 1130 3338 tur
1148 3318 1155 3339 ε
1168 3315 1228 3338 nos
1241 3305 1464 3349 petitionibus
1478 3333 1487 3349 ,
1506 3319 1588 3354 quae
1601 3308 1696 3355 fiiper
1711 3310 1760 3344 liis
1777 3323 1881 3357 nuper
1896 3311 1994 3347 sastae

1075 3351 1150 3386 sunt
1164 3378 1172 3392 ‚
1188 3351 1250 3386 hac
1271 3362 1438 3404 perpetuo
1460 3356 1602 3390 valitura
1615 3357 1772 3392 decretali
1792 3359 1994 3405 responden-

1074 3400 1154 3434 dum
1174 3399 1238 3432 elle
1257 3399 1415 3434 duximus
1438 3428 1448 3442 ,
1471 3412 1509 3436 ut
1533 3414 1645 3451 neque
1662 3404 1789 3440 dolosis
1812 3405 1867 3440 sua
1901 3405 1993 3443 fraus

1073 3446 1297 3493 suffragetur,
1329 3458 1440 3494 neque
1461 3450 1594 3495 ignaros
1622 3453 1738 3496 perdat
1758 3453 1884 3489 inscitia
1914 3467 1922 3488 :
1947 3454 1990 3490 fic

1075 3496 1160 3528 enim
1195 3493 1324 3528 Pastois
1347 3495 1494 3531 officium
1512 3498 1708 3545 exequimur
1722 3526 1731 3540 ,
1755 3500 1834 3536 dum
1850 3513 1990 3548 gregem

1077 3542 1172 3576 nobis
1195 3541 1399 3577 commissum
1425 3545 1465 3578 ab
1493 3555 1630 3580 aeternae
1655 3545 1878 3585 damnationis
1902 3549 1991 3596 peri-

1075 3590 1152 3624 culo
1177 3590 1306 3635 eripere
1326 3590 1434 3625 modis
1457 3592 1613 3627 omnibus
1638 3593 1818 3631 studemus.

1125 3637 1268 3687 Primum
1281 3637 1384 3682 igitur
1395 3639 1585 3674 damnamus
1596 3652 1632 3675 ea
1647 3643 1756 3677 omnia
1767 3645 1989 3693 cambia,quze

1076 3685 1160 3721 sicca
1175 3694 1385 3720 nominantur
1398 3713 1407 3728 ,
1423 3687 1456 3721 &
1473 3687 1513 3722 ita
1530 3688 1784 3736 confinguntur,
1799 3704 1836 3728 ut
1855 3704 1989 3727 contra-

1866 3742 1987 3775 nentes

2031 2839 2071 2876 58
