2400 3939
78 471 90 485 X

888 181 957 252 §,‘
981 183 1057 240 11.
1100 179 1280 243 Glofs.
1319 181 1398 243 V.

397 316 840 355 SUMMARIA.

137 413 330 449 Paenitentia
344 414 449 450 locum
460 425 520 450 non
534 413 628 448 habet
645 417 680 448 in
692 415 813 452 litteris
826 416 963 457 cambii,
987 416 1094 451 altero

108 501 113 505 ,
185 474 226 496 ex
237 462 501 498 contrahentibus
517 465 622 495 inviro
636 487 646 502 ,
665 475 695 496 n.
706 474 786 509 447.
1025 493 1030 497 .

132 508 331 555 Ampliatur
338 513 454 556 primo,
471 509 606 552 etiamst
616 522 768 558 ageretur
781 511 823 544 de
836 512 1007 559 resciffione
1015 523 1092 559 par-

105 596 116 602 ..
180 559 226 590 tis
240 558 441 595 contractus.
458 570 493 592 .n.
507 569 550 600 44
558 558 588 592 8.

106 603 118 639 ζ
131 604 481 652 Ampliatursecuudo
492 632 502 647 ‚
521 607 701 654 praesertim
713 607 780 653 post
793 618 984 655 acceptatur
1002 611 1091 644 litte-

182 664 241 686 ras
251 678 260 692 ‚
276 665 308 688 n.
322 666 404 698 449.
522 674 525 677 ·

129 702 315 736 Limieatur
327 706 433 750 primo
446 729 454 742 ,
488 713 523 736 ut
554 712 613 736 non
627 702 787 750 procedat
808 705 840 737 in
860 704 982 739 litterir
1002 720 1090 741 cam-

178 747 242 787 bii.
257 761 319 785 non
332 750 532 798 disiwfitivis
543 776 553 791 ,
572 761 692 794 n.45o,
716 751 940 793 Declaratur,
954 754 1086 791 ibidem.

128 797 310 880 Lirgi'tatur
323 799 470 845 secundo
496 824 506 839 ,
541 800 649 845 quoad
677 802 918 835 revocationem
940 803 1063 846 adjecti
1077 830 1088 844 ,

217 857 248 878 c.
262 856 293 878 n.
302 857 346 891 45
358 858 386 881 1.

47 957 114 994 “7
131 943 334 1041 QUaero
357 942 507 978 XVIII.
534 955 575 978 an
598 944 630 979 in
658 945 835 980 contrastu
868 945 987 980 cambii
1013 945 1088 992 post

225 991 318 1026 datas
340 991 468 1026 litteras
484 992 522 1027 fit
537 992 631 1027 licita
645 993 846 1040 poenitentia
858 1020 867 1035 ,
887 995 993 1028 altero
1009 1007 1090 1029 con·

129 1050 288 1075 trahente
303 1039 416 1076 invito
432 1040 445 1076 ἓ

174 1087 405 1134 Respondeo,
437 1089 533 1136 quod
557 1101 626 1123 non
641 1115 650 1129 ,
675 1088 757 1134 quia
779 1090 975 1124 contrastus
1003 1103 1091 1125 cam-

126 1135 174 1171 bii
201 1136 241 1171 fit
263 1136 307 1170 ad
331 1137 509 1184 mnusque
527 1136 762 1172 contrahentis
787 1138 1022 1179 voluntatem,
1055 1141 1098 1175 ὃς,

80 1183 82 1186 ’
126 1183 209 1220 ideo
237 1183 294 1218 nifi
318 1184 497 1233 mnusque
524 1197 704 1220 concurrat
732 1187 909 1227 voluntas,
933 1199 999 1219 non
1027 1200 1089 1232 po-

28 3195 98 3230 ⁴49

127 1233 192 1268 test
217 1230 379 1273 rescindi,
407 1234 511 1267 Bald.
528 1234 632 1278 cortfiI.
649 1234 800 1279 348.seu
823 1247 899 1280 349.
918 1235 1015 1281 fabiae
1027 1238 1085 1282 fn-

127 1291 220 1316 erunt
236 1307 245 1321 ,
273 1293 305 1315 n.
317 1293 349 1315 2.
361 1284 394 1314 in
413 1281 446 1321 fi.
463 1284 497 1318 (ΞΤ
512 1295 543 1316 n.
563 1294 594 1326 3.
609 1283 667 1316 lib.
692 1294 718 1317 ι.
736 1286 828 1318 Joan.
853 1286 951 1330 Bapt.
967 1284 1085 1317 Cavat.

124 1331 247 1367 tracia.
269 1328 312 1363 de
329 1330 436 1365 camb.
457 1333 510 1363 tit.
542 1330 583 1363 de
603 1330 761 1374 solutione
779 1335 810 1364 in
834 1332 901 1365 loco
924 1329 967 1364 nd
995 1343 1087 1377 quem

116 1378 186 1424 fol.
209 1389 289 1424 230.
313 1377 348 1412 &
367 1378 438 1418 ita,
465 1378 646 1425 loquendo
665 1378 696 1411 iri
720 1379 840 1413 litteris
861 1378 1085 1423 ‹lispolitivis,

125 1425 239 1462 scribit
256 1424 361 1460 Bald.
377 1429 409 1461 in
422 1427 511 1461 rubr.
526 1429 613 1472 veijſs
625 1438 728 1472 quaero
740 1430 826 1461 circa
842 1427 898 1462 hoc
915 1430 947 1460 C.
961 1428 1082 1469 constit.

121 1484 238 1522 perun.
262 1486 365 1521 quem
382 1473 572 1521 sequuntur
594 1477 662 1508 Soc.
681 1477 765 1522 cons.
781 1476 836 1509 68.
861 1479 892 1508 in
907 1476 1004 1516 causta
1022 1488 1086 1520 qctae

123 1526 290 1562 vertitur,
320 1526 353 1556 in
375 1528 478 1570 princ.
505 1525 592 1569 vers.
613 1533 678 1568 quae
700 1526 801 1556 etiam
827 1523 883 1557 lib.
908 1535 938 1568 3.
965 1523 1082 1558 Foller.

124 1571 174 1605 ad
188 1572 324 1605 Maran.
337 1573 371 1604 in
387 1573 470 1617 spec.
489 1582 578 1617 part.
599 1574 630 1605 6.
647 1571 711 1602 ac't‘.
736 1572 766 1604 6.
791 1583 821 1604 n.
847 1584 904 1617 47.
923 1573 1008 1615 verfi
1031 1572 1086 1614 eefi

124 1618 356 1666 dispositivas,
371 1613 436 1667 fol.
458 1619 534 1664 368,
555 1621 643 1652 Curt.
662 1619 738 1653 sz.
763 1620 844 1665 cons
871 1631 945 1663 ¹32·
968 1618 1083 1653 habita

126 1666 305 1716 diligenti,
327 1680 413 1701 num.
432 1680 462 1701 2.
482 1668 570 1716 vers.
597 1665 765 1714 indignum
779 1694 788 1707 ,
809 1670 843 1704 (φ
868 1670 963 1703 Joan.
983 1669 1081 1713 Bapt.

126 1715 249 1749 Cavat.
266 1715 301 1749 d.
330 1717 463 1750 ιναᾶαι.
488 1716 530 1749 de
547 1714 652 1749 camb.
673 1717 725 1748 tit.
752 1715 794 1749 de
816 1717 939 1750 litteris
957 1742 968 1756 ,
994 1717 1081 1763 veis

125 1775 229 1810 quoero
245 1764 423 1803 anblitterae
438 1765 559 1800 cambii
584 1765 736 1797 revocari
749 1790 757 1804 ‚
772 1764 840 1812 sol.
855 1777 929 1805 224.
955 1764 988 1797 ὃ(
1005 1763 1082 1798 haec

124 1809 171 1845 est
189 1811 365 1846 conclusio
387 1811 595 1847 communis:
622 1811 655 1845 &
669 1811 765 1857 quod
784 1813 978 1846 contradus
994 1823 1083 1846 cam-

124 1858 171 1893 bii
196 1859 254 1895 fiat
279 1870 348 1895 non
370 1872 478 1906 gratia
504 1861 602 1896 unius
619 1885 628 1900 ,
668 1860 724 1893 sed
747 1861 856 1906 gratia
879 1861 1056 1907 utriusque
1071 1886 1081 1900 ,

123 1905 238 1943 scribit
263 1910 334 1943 Ros.
351 1909 493 1943 Genuen.
511 1909 583 1943 dec.
602 1921 655 1953 32.
675 1921 748 1942 cum
762 1909 848 1942 alias
868 1910 922 1946 lirb
945 1921 1032 1943 num..
1052 1917 1081 1951 5.

125 1967 227 2002 quam
253 1955 404 2004 sequitur
432 1957 520 1991 idem
541 1960 662 1990 Cavat.
694 1956 728 1989 d.
754 1957 887 1991 ιναὲἶιιι.
912 1958 954 1992 de
979 1957 1083 1993 camb.

123 2007 176 2040 tit.
190 2005 233 2038 de
245 2004 377 2040 cambio.
388 2005 473 2050 ficco
484 2033 492 2043 ,
517 2008 549 2039 in
562 2004 670 2052 ffifol.
685 2017 763 2049 ²²3-

32 2054 107 2107 548
174 2052 313 2105 Amplia
338 2052 448 2099 primo
477 2054 563 2088 hanc
586 2053 858 2093 conclusionem,
893 2062 931 2086 ut
960 2064 1083 2099 proce-

123 2099 206 2141 dat,
237 2111 338 2136 etiam
356 2101 378 2136 fi
394 2113 550 2148 ageretur
570 2102 613 2135 de
637 2099 787 2135 resciffioi
805 2113 824 2135 e
840 2106 852 2141 ,’
882 2113 949 2135 non
975 2101 1083 2136 omni-

122 2148 255 2189 moda,
283 2149 339 2184 sed
367 2149 399 2184 in
421 2162 516 2197 parte
533 2176 541 2191 ,
570 2160 671 2195 puta,
702 2150 820 2196 quoad
841 2150 957 2184 locum
983 2150 1085 2184 desti-

116 2209 213 2233 ·natae
235 2196 447 2241 solutionis3
483 2209 588 2246 quare
615 2198 637 2231 fi
664 2195 800 2235 fecerun
830 2197 1021 2243 depolitum
1053 2199 1086 2232 in

122 2245 234 2281 b'anco
254 2246 478 2283 Venetiarum
495 2274 505 2288 ,
533 2249 566 2282 &
592 2243 728 2280 fecerim
756 2245 827 2280 fieri
851 2246 932 2280 mihi
957 2247 1085 2281 litteras

123 2293 266 2336 cambii,
301 2305 337 2330 ut
359 2294 439 2330 mihi
465 2294 658 2341 depolitum
681 2293 844 2329 reddatur
870 2295 1018 2335 Paduae,
1052 2296 1086 2330 ὅ(

121 2341 313 2390 priusquam
338 2340 483 2378 deferam
511 2344 639 2378 litteras
660 2368 670 2382 ‚
703 2343 906 2388 poenitentia
934 2342 1056 2378 duetus
1074 2370 1083 2384 ‚

121 2390 255 2426 redeam
279 2390 323 2424 ad
349 2390 521 2426 banclium
543 2418 552 2433 ,
585 2404 623 2426 ut
648 2389 750 2426 faciat
776 2393 855 2425 mihi
882 2391 960 2426 alias
992 2391 1083 2427 litte-

120 2449 172 2472 ras
187 2465 197 2480 ,
227 2450 297 2474 non
325 2438 368 2473 ad
390 2439 538 2475 Paduam
558 2465 568 2480 ,
604 2439 658 2474 sed
679 2438 721 2473 ad
753 2439 847 2474 aliam
873 2440 1058 2475 Civitatem
1073 2466 1082 2482 ,

118 2485 200 2521 alias
219 2486 361 2529 inllem,
391 2488 487 2523 reddi
504 2488 585 2522 mihi
598 2488 810 2533 depolitum3
839 2500 906 2535 ego
922 2500 989 2524 non
1013 2486 1082 2523 sum

118 2535 334 2576 audiendus,
366 2547 447 2582 quia
468 2537 636 2571 banci-tum
658 2537 880 2571 Venetiarum
897 2548 964 2570 non
985 2536 1083 2583 cogi-

118 2593 176 2619 tur
205 2595 335 2619 mutare
361 2583 510 2626 litteras,
537 2585 559 2618 si
587 2584 804 2620 verilimiliter
831 2585 899 2620 illae
925 2583 1080 2619 effectum

117 2630 288 2666 habiturae
306 2631 388 2674 fint‚
414 2632 510 2668 secus
535 2633 557 2667 fi
585 2632 740 2667 effeetum
767 2633 935 2668 habiturae
953 2646 1020 2668 non
1036 2633 1082 2668 es-

116 2679 189 2716 sent
203 2706 213 2722 ,
238 2679 360 2714 Fouer.
376 2681 423 2715 ad
440 2683 577 2717 Maran.
599 2682 635 2716 d.
652 2682 718 2715 aff.
741 2684 774 2717 6.
791 2693 822 2716 n.
839 2691 894 2727 §²-
907 2681 974 2730 fol.
999 2683 1079 2731 387.

116 2739 219 2777 quem
241 2727 395 2775 sequitur
416 2732 467 2765 Jo.
487 2731 586 2776 Bapt.
608 2732 731 2764 Cavar.
749 2730 783 2763 d.
795 2730 868 2766 rub.
881 2732 923 2764 de
936 2730 1079 2772 litteris,

114 2779 204 2825 vers:
219 2788 323 2824 quaro
339 2788 382 2810 an
397 2790 569 2813 mercator.
580 2779 646 2826 fol.
663 2790 742 2820 224.
757 2781 789 2812 in
801 2777 841 2822 fi.
861 2791 935 2813 nam
955 2789 1080 2814 merca-

115 2835 252 2867 torum,
277 2825 311 2859 &
336 2825 546 2871 campsorum
571 2827 733 2873 scriptura
755 2827 899 2862 habetur
923 2837 986 2873 pro
1007 2826 1079 2861 sen-

114 2873 241 2916 tentia,
271 2873 306 2907 δε
339 2872 394 2906 sua
425 2873 494 2909 fide
522 2875 635 2910 tranfit
656 2875 687 2908 in
709 2885 776 2909 rem
801 2874 1006 2922 judicatam,
1027 2875 1078 2910 id-

115 2921 181 2963 est,
205 2920 241 2956 in
257 2920 460 2956 soliditatem
486 2922 651 2958 firmitatis
665 2949 675 2962 ,
702 2923 735 2957 &
757 2922 1077 2965 irrevocabilitatis,

114 2970 218 3004 Bald.
235 2966 318 3015 cons.
340 2971 419 3014 348.
435 2972 500 3017 seu
524 2984 601 3017 349.
619 2973 722 3020 faHoe
735 2973 871 3016 fuerunt
884 2998 894 3013 ,
919 2984 949 3006 n.
965 2985 998 3015 4.
1017 2973 1074 3008 lib.

118 3030 149 3054 1.
172 3019 206 3053 δε
226 3017 306 3052 ideo
329 3027 554 3054 mercatorum
583 3019 756 3067 scriptura·
774 3022 939 3056 convenit
965 3020 1048 3054 illud
1065 3048 1074 3063 ‚

112 3067 200 3113 quod
214 3064 360 3114 scripsi,
388 3068 467 3103 Bal.
487 3069 521 3104 d.
537 3069 640 3116 confil.
659 3068 838 3114 348.num.
854 3081 883 3114 3.
898 3071 932 3102 in
949 3069 1076 3104 ultimis

112 3115 239 3150 verbis.
340 3114 354 3119 ”
1068 3114 1072 3116 ’

162 3163 304 3210 Amplia
326 3162 480 3200 secundo
502 3192 512 3207 ,
551 3177 589 3201 ut
618 3165 726 3200 multo
753 3163 859 3211 magis
881 3164 1047 3212 procedat
1061 3193 1071 3207 ,

113 3211 254 3260 quando
269 3212 396 3250 litterae
411 3214 531 3248 cambii
548 3213 652 3249 essent
669 3215 733 3258 jam
752 3224 943 3260 acceptatae
959 3239 968 3255 ,
994 3215 1073 3261 quia

114 3270 199 3296 tunc
221 3272 292 3296 non
314 3262 408 3307 posse
433 3263 610 3304 revocari,
639 3261 751 3296 scribit
773 3262 861 3295 Plut.
884 3262 959 3299 dec.
993 3265 1070 3296 126.

111 3308 168 3343 die
190 3320 224 3351 4.
242 3312 330 3353 junii
347 3322 434 3345 num.
446 3323 477 3345 κ.
495 3322 525 3355 3.
540 3311 574 3347 έν
586 3323 618 3353 4.
631 3320 704 3344 tum
723 3309 802 3357 quia
818 3320 860 3344 eo
873 3309 957 3355 ipso,
973 3311 1072 3358 quod

110 3355 160 3400 is,
189 3357 247 3392 cui
263 3358 440 3393 mandatur
465 3369 503 3393 ut
528 3359 652 3399 solvat,
676 3366 833 3403 acceptat
856 3358 1004 3399 litteras,
1024 3357 1069 3393 se-

111 3415 184 3451 que
201 3405 364 3441 creditori
388 3407 582 3441 debitorem
600 3406 794 3446 constituit,
817 3405 860 3447 is,
890 3406 949 3453 qui
969 3406 1069 3454 scrip-

111 3452 156 3496 fit*
169 3453 324 3496 litteras,
360 3454 498 3490 videtur
519 3454 668 3495 solvisse,
714 3455 747 3489 &
768 3465 828 3501 per
855 3454 1068 3502 consequens

12 3502 15 3507 '
61 3523 75 3537 ι
110 3498 297 3547 liberatus-3
320 3511 392 3538 tum
416 3514 496 3551 quia
518 3502 595 3537 alias
612 3502 786 3538 videretur
812 3513 979 3536 remanere
998 3503 1068 3536 illa-

110 3558 258 3596 queatus
275 3551 408 3598 duplici
433 3551 664 3597 obligatione:
693 3552 797 3596 prima
811 3578 820 3591 ,
849 3551 891 3598 ad
913 3550 1065 3585 favorem

111 3597 209 3643 ejus,
242 3599 344 3644 cujus
365 3600 447 3635 effet
473 3599 631 3635 debitor:
675 3598 823 3635 secunda
848 3598 891 3634 ad
912 3598 1063 3634 favorem

111 3645 188 3695 ejus
200 3671 212 3688 ,
240 3646 301 3698 qui
316 3647 446 3697 litteras
468 3648 672 3696 acceptavit.

1199 271 1322 308 Limita
1352 272 1461 318 primo
1482 298 1491 313 ,
1529 272 1734 309 declarando
1761 278 2111 318 eandemcoucinfio-

1151 331 1226 354 nem
1242 347 1251 360 ,
1277 330 1316 355 ut
1338 321 1507 366 procedat
1533 321 1565 354 in
1590 322 1710 355 litteris
1729 323 1950 369 dispoi‘isjvss,
1977 329 2009 363 i„
2032 343 2107 377 qm,

1156 369 1220 402 bus
1237 369 1395 415 loquitur
1411 396 1420 410 ,
1455 369 1552 402 secus
1578 369 1598 401 fi
1620 370 1743 403 littera>
1771 383 1837 406 non
1869 375 1926 408 i‘int
1947 376 2110 422 (inpoliti-

1149 427 1221 455 vae,
1256 416 1313 450 sed
1339 416 1399 450 lint
1425 417 1640 451 maniatanae
1662 444 1670 451 .
1701 430 1781 464 quae
1808 432 1986 466 propterea
2011 437 2107 460 revo-

1148 464 1215 497 cari
1242 463 1377 510 possunt
1393 491 1402 504 ,
1429 465 1541 507 Bald„
1559 467 1590 498 in
1605 466 1695 499 rubr.
1711 479 1741 500 n.
1762 480 1812 500 ¹2.
1841 473 1873 501 in
1901 470 1932 505 fi.
1951 475 2036 518 vers
2056 477 2103 511 [ξ’-

1145 512 1250 545 cundo
1273 515 1363 546 'circa
1385 512 1456 546 hoc.
1484 517 1519 548 C.
1538 513 1579 546 dc
1598 513 1722 559 constit.
1734 512 1852 560 ⁴secun.
1871 518 1904 552 <r
1920 520 2007 552 ‹Tm-t.
2026 522 2103 559 Jun,

1144 558 1179 592 d.
1195 561 1277 606 cons.
1299 560 1545 606 1321fi1bmtm.
1559 572 1589 594 ι.
1617 561 1648 596 &
1669 562 1769 595 latius
1784 564 1842 609 sub
1863 577 1948 598 naam.
1969 568 1998 598 6.
2015 571 2102 615 vers:

1142 619 1200 640 nec
1227 608 1346 650 obstat,
1378 619 1507 655 quare,
1536 607 1558 641 fi
1581 620 1648 654 ego
1673 606 1889 645 convenirem
1916 625 2026 648 tecum
2050 615 2099 650 fa-

1142 655 1256 689 ciendi
1280 655 1340 690 tibi
1363 655 1492 691 litteras
1507 658 1651 696 cambii,
1685 657 1878 705 dirigendas
1908 660 2032 702 Petro,
2067 666 2101 699 &

1143 703 1184 739 ab
1208 704 1351 746 eodem,
1388 705 1438 738 uti
1465 715 1541 738 meo
1564 703 1729 744 institori,
1755 707 1954 749 solvendas,
1986 710 2020 744 ὅς
2040 711 2103 747 Pe-

1142 759 1216 785 trus
1244 752 1395 799 gestorio
1421 751 1556 786 nomine
1588 752 1622 786 se
1655 753 1786 800 obligat
1817 755 1948 791 soli-ere
1976 758 2103 795 litteras

1144 799 1173 833 ei
1194 800 1399 843 mittendas3
1418 812 1485 846 ego
1501 799 1631 846 possum
1653 801 1687 835 δι’
1708 814 1811 836 meam
1826 831 1834 842 ,
1863 806 1896 839 ὃς
1915 805 2002 841 Petri
2019 809 2103 842 obli-

1141 848 1315 894 gationem
1338 860 1499 883 revocare
1514 874 1523 889 ,
1543 848 1624 895 quia
1637 861 1894 895 procuratorem
1912 853 2041 897 polium
2058 857 2102 892 ad

1144 896 1362 932 mei'libitum
1388 908 1573 932 revocare:
1604 896 1660 930 sed
1682 897 1703 930 li
1730 899 1955 936 convenillem
1982 903 2026 938 ele
2046 905 2101 939 lit-

1143 944 1223 978 teris
1253 944 1461 991 dirigendis,
1502 945 1536 979 &
1566 943 1736 979 solvendis
1769 946 1789 980 a
1822 948 1924 983 Petro
1960 953 2101 997 proprio

1143 993 1279 1026 nomine
1294 1019 1303 1034 ,
1327 995 1360 1029 dc
1377 993 1405 1027 is
1427 993 1473 1028 ita
1495 993 1526 1026 se
1549 992 1728 1039 obligasset
1747 1021 1756 1035 ,
1790 1006 1857 1042 ego
1887 1010 1952 1030 non
1971 999 2100 1044 polium

1144 1051 1306 1076 revocare
1321 1068 1331 1082 ,
1362 1044 1430 1077 Soc.
1452 1042 1535 1088 conſs
1559 1042 1614 1076 68.
1640 1045 1673 1076 in
1690 1045 1808 1090 causa,
1834 1048 1868 1079 in
1882 1048 1986 1091 princ.
2012 1050 2099 1096 vers.

1143 1100 1209 1135 quae
1233 1092 1335 1123 etiam
1355 1091 1388 1127 (ἐν
1406 1102 1493 1123 num.
1507 1100 1532 1123 1.
1550 1089 1607 1123 lib.
1629 1102 1659 1134 3.
1693 1091 1782 1126 Item
1797 1117 1806 1131 ,
1832 1092 1852 1125 li
1874 1093 1939 1138 ego
1963 1106 1995 1128 in
2011 1095 2103 1131 litte-

1143 1136 1185 1169 ris
1201 1164 1209 1178 ,
1235 1149 1320 1183 quas
1345 1137 1545 1179 scriberem,
1579 1149 1647 1172 non
1676 1150 1728 1172 me
1748 1134 1932 1186 obligarem
1952 1168 1961 1182 ,
1987 1154 2103 1192 neque

1141 1184 1334 1232 dispofitive
1355 1185 1547 1226 scriberem,
1574 1183 1631 1219 sed
1654 1185 1761 1222 solum
1782 1187 1947 1230 dicerem,
1965 1193 2106 1237 solvere

1138 1233 1273 1280 placeat
1287 1260 1297 1275 ,
1327 1233 1452 1281 possem
1474 1234 1549 1268 istas
1572 1232 1700 1269 litteras
1728 1247 1890 1270 revocare
1904 1264 1912 1277 ‚
1943 1240 2015 1274 Roe.
2038 1241 2102 1274 Ge-

1141 1293 1233 1315 nuen.
1262 1281 1334 1317 dec.
1354 1296 1405 1318 ιο.
1428 1284 1668 1326 Hieronymus,
1694 1290 1781 1320 num.
1805 1297 1854 1327 14.
1881 1286 1916 1322 ἴθ’
1939 1297 1991 1331 15.
2014 1288 2102 1323 adde

1140 1329 1239 1363 alium
1265 1329 1395 1372 casum,
1424 1329 1467 1365 de
1492 1342 1566 1378 quo
1589 1329 1744 1379 loquitur
1773 1336 1861 1367 Curt.
1879 1338 1951 1371 Jnn.
1968 1336 2098 1384 dauns

1141 1390 1218 1422 ¹3²·
1233 1377 1297 1425 sub
1320 1391 1351 1412 n.
1363 1381 1394 1413 6.

1186 1424 1278 1460 Haec
1298 1426 1477 1468 limitatio,
1508 1437 1586 1462 curn
1617 1437 1702 1472 pace
1724 1428 1915 1464 Dostorum
1934 1456 1942 1471 ,
1975 1430 1995 1465 ὲ
2023 1433 2100 1477 qui-

1139 1474 1202 1506 bus
1226 1473 1357 1508 initium
1385 1474 1519 1521 sumpsit
1541 1501 1550 1516 ‚
1579 1473 1740 1511 obscurat
1766 1504 1775 1518 ‚
1811 1489 1880 1512 non
1909 1478 2098 1523 dilucidat,

1138 1522 1218 1566 quia
1246 1521 1381 1557 videtur
1407 1523 1524 1569 partim
1548 1522 1624 1557 falsa
1639 1549 1648 1564 ,
1675 1525 1708 1558 ὅ(
1731 1525 1851 1570 partim
1873 1527 2012 1573 inepta:
2038 1529 2099 1564 lal-

1136 1569 1187 1609 la,
1222 1570 1301 1617 quia
1324 1571 1421 1605 etiam
1445 1571 1476 1604 in
1504 1571 1626 1606 litteris
1653 1572 1858 1619 dilpofitivis
1882 1577 1994 1621 potest
2020 1577 2098 1612 scri-

1135 1618 1216 1651 bens
1232 1619 1312 1653 dare
1324 1618 1474 1654 ordinem
1497 1618 1557 1653 suo
1575 1622 1809 1665 procuratori,
1845 1633 1883 1657 ut
1907 1622 2014 1659 solvat
2040 1626 2097 1661 lit-

1138 1675 1240 1707 teras,
1269 1668 1302 1702 &
1331 1667 1481 1701 ordinem
1512 1667 1636 1702 deinde
1661 1680 1847 1711 revocare,
1875 1671 1898 1705 fi
1927 1672 1964 1708 sit
1997 1673 2097 1709 datus

1134 1714 1242 1760 gratia
1269 1711 1465 1757 scribentis,
1499 1725 1539 1750 ut
1563 1715 1633 1750 dixi
1661 1718 1777 1764 inseq.
1802 1719 1928 1754 declar.
1959 1721 2097 1757 videtur

1136 1762 1236 1796 etiam
1265 1763 1400 1810 inepta,
1428 1764 1508 1811 quia
1523 1764 1586 1798 'ubi
1613 1764 1770 1801 volumus
1798 1767 1931 1808 dicere,
1967 1781 2095 1816 procu-

1137 1821 1281 1847 ratorem
1308 1811 1403 1858 polse
1425 1813 1600 1853 revocari,
1639 1813 1754 1860 inepte
1783 1815 1938 1850 videmur
1958 1819 2095 1860 dicere,

1137 1858 1264 1893 litteras
1288 1860 1350 1895 effe
1380 1859 1626 1900 mandaiarias,
1662 1860 1716 1896 seu
1748 1875 1816 1899 non
1848 1863 2058 1912 dispositivas
2080 1895 2091 1910 ,

1138 1919 1214 1957 cum
1238 1908 1418 1942 habeamus
1439 1908 1602 1944 terminos
1624 1909 1731 1956 magis
1756 1912 1934 1960 proprioS,
1961 1915 1994 1949 &
2014 1913 2094 1951 faci·

1135 1955 1263 1999 liore53
1284 1956 1376 1990 unde
1400 1957 1477 1992 liaec
1496 1957 1652 1993 limitatio
1677 1958 1813 1995 videtur
1834 1961 1949 1997 inanis.

1182 2002 1328 2038 Retenta
1356 2015 1466 2039 tamen
1481 2017 1536 2046 ea,
1565 2005 1640 2042 talis
1652 2006 1761 2053 qualis
1777 2008 1826 2045 fit.

1149 2099 1156 2103 ⁹
1182 2052 1334 2087 Declara
1350 2052 1508 2095 eandem,
1536 2063 1576 2089 ut
1602 2055 1768 2101 procedat
1792 2056 1910 2105 quoad
1927 2059 2096 2096 mandata<

1131 2111 1237 2142 rium,
1266 2112 1366 2148 quem
1389 2102 1546 2136 mandans
1567 2103 1678 2148 potest
1691 2102 1717 2137 a
1739 2104 1859 2141 litteris
1886 2108 2007 2144 cambii
2034 2121 2084 2143 re-

1131 2160 1292 2190 movere,
1320 2148 1342 2182 fi
1361 2150 1393 2184 in
1413 2149 1536 2184 litteris
1557 2151 1595 2186 fit
1618 2151 1811 2199 appositus,
1847 2155 1897 2190 uti
1926 2158 2099 2193 mandata-

1131 2196 1198 2230 rius
1225 2199 1257 2232 &
1284 2209 1489 2244 procurator
1516 2199 1624 2244 gratia
1645 2200 1858 2245 mandantis3
1887 2203 1999 2246 secus,
2023 2206 2100 2242 fifit

1131 2246 1303 2291 appofitus
1327 2246 1436 2293 gratia
1468 2246 1668 2288 creditoris,
1707 2249 1768 2297 qui
1804 2249 1900 2287 dedit
1925 2252 2061 2290 cambio
2086 2280 2097 2297 ,

1130 2304 1192 2338 per
1215 2305 1272 2334 ea,
1302 2306 1382 2340 quae
1400 2294 1469 2328 dixi
1488 2297 1602 2344 infiq.
1616 2296 1712 2332 limit.
1735 2296 1830 2333 secus
1851 2301 1970 2342 etiam,
2004 2314 2095 2350 quo-

1128 2341 1170 2374 ad
1197 2343 1409 2376 contractum
1435 2343 1576 2385 cambii,
1612 2343 1731 2380 initum
1756 2357 1817 2392 per
1834 2359 1933 2390 eum,
1957 2351 2016 2398 qui
2037 2350 2097 2385 de·

1129 2389 1200 2431 dit,
1226 2391 1259 2424 ὃς
1284 2390 1346 2438 qui
1361 2392 1497 2438 accepit
1518 2392 1671 2435 cambi03
1701 2394 1783 2439 quia
1804 2397 1920 2442 quoad
1936 2409 2094 2435 contrac-

1130 2448 1201 2473 tum
1225 2438 1414 2473 indistinete
1437 2439 1596 2486 procedit
1628 2441 1825 2486 conclufio,
1847 2442 2094 2496 firmatasupra

1128 2497 1159 2520 n.
1177 2497 1258 2534 447.

1177 2534 1302 2569 Limita
1327 2535 1478 2570 secundo
1503 2535 1620 2583 quoad
1647 2538 1879 2574 revocandum
1905 2553 2005 2584 eum,
2030 2542 2172 2591 qui⁴5¹

1127 2582 1173 2616 est
1197 2584 1350 2630 adjeStus
1373 2584 1492 2619 litteris
1516 2584 1658 2626 cambii,
1682 2587 1790 2633 gratia
1812 2590 1992 2625 creditoris
2019 2604 2092 2626 tan-

1127 2641 1199 2666 tum
1219 2658 1229 2673 ,
1269 2632 1322 2666 vel
1341 2633 1446 2678 gratia
1474 2632 1639 2668 debitoris
1665 2645 1797 2670 tanturn
1819 2643 1834 2678 ,⁸
1861 2639 1961 2685 quia,
1989 2643 2092 2685 cujus

1126 2680 1231 2725 gratia
1256 2680 1301 2714 est
1322 2680 1491 2728 adJeistuS,
1516 2681 1544 2714 is
1568 2681 1699 2727 potest,
1721 2683 1892 2733 reintegra
1908 2683 2089 2730 revocare,

1126 2736 1166 2762 ut
1190 2728 1325 2764 secutus
1347 2728 1415 2763 sum
1438 2731 1528 2775 infra
1538 2730 1588 2779 gl.
1607 2743 1638 2775 7·
1652 2742 1683 2765 n.
1701 2731 1758 2766 80.

1174 2776 1320 2813 Diutius
1341 2777 1371 2811 in
1391 2775 1496 2825 hujus
1516 2777 1614 2824 gloss.
1635 2790 1736 2828 quam
1760 2780 1792 2815 in
1819 2782 1961 2819 aliarum
1987 2796 2090 2820 mate-

1123 2825 1171 2860 ria
1196 2825 1291 2860 volui
1315 2825 1461 2860 refistere
1485 2826 1519 2860 δε
1545 2827 1639 2873 quali
1665 2826 1777 2870 lento,
1800 2831 1916 2866 &non
1943 2834 2092 2869 currenti

1123 2875 1315 2921 procedere
1336 2875 1445 2920 gradu
1463 2899 1472 2916 ‚
1504 2886 1632 2909 memor
1661 2877 1808 2922 vulgaris
1837 2878 1916 2915 dtffl
1937 2908 1947 2923 ,
1988 2883 2090 2928 cujus

1122 2922 1272 2957 meminit
1291 2923 1388 2956 etiam
1411 2926 1480 2957 Rot-
1500 2923 1643 2966 Genuen.
1663 2924 1734 2958 dec.
1749 2928 1847 2972 i.fi1b
1861 2941 1891 2961 n.
1906 2943 1958 2978 37.
1975 2930 2012 2964 al
2027 2942 2091 2978 pa-

1118 2980 1186 3019 gar
1199 2983 1259 3005 non
1279 2972 1354 3018 effer
1377 2981 1548 3012 currente3
1565 2974 1665 3016 cujus
1682 2983 1792 3007 tamen
1813 2975 1894 3010 dieti
1912 2978 2091 3014 observan-

1122 3019 1166 3053 tia
1180 3045 1190 3060 ,
1219 3019 1304 3054 ficut
1329 3018 1373 3052 est
1396 3017 1572 3052 laudabilis
1589 3045 1596 3059 ,
1617 3020 1758 3066 quando
1778 3021 1927 3059 debitum
1950 3027 2002 3062 vel
2021 3038 2089 3062 nori

1121 3068 1167 3101 est
1191 3068 1336 3107 clarum,
1369 3066 1421 3102 vel
1440 3063 1597 3101 habilitas
1611 3068 1786 3113 personae,
1816 3072 1871 3106 cui
1889 3072 2086 3116 solveretur,

1120 3114 1201 3151 effet
1230 3115 1354 3150 dubia:
1397 3115 1442 3148 ita
1469 3126 1508 3147 ex
1541 3116 1726 3161 opposito,
1761 3121 1902 3166 quando
1933 3122 2087 3158 debitum

1119 3166 1165 3198 est
1191 3165 1314 3197 clarum
1333 3189 1341 3204 ,
1370 3163 1404 3196 &
1429 3162 1477 3201 ἧς,
1505 3162 1561 3196 cui
1597 3163 1742 3199 solvitur
1759 3193 1767 3206 ,
1803 3167 1890 3202 reete
1914 3169 2056 3206 solvitur
2075 3199 2085 3213 ‚

1119 3213 1164 3246 est
1190 3212 1278 3256 apud
1309 3211 1464 3258 (pestatae
1493 3209 1572 3245 fidei
1593 3212 1686 3246 viros
1712 3213 1965 3261 vituperabilis,
2001 3219 2089 3254 inter

1118 3259 1327 3295 Christianos
1362 3259 1499 3293 lincerae
1537 3260 1712 3305 religionis
1756 3266 1989 3309 peccaminosa
2005 3293 2013 3308 ,
2052 3269 2085 3303 dc

1118 3309 1209 3356 apud
1234 3319 1349 3342 ornnes
1367 3307 1655 3349 condemnabilis,
1683 3309 1705 3343 fi
1719 3323 1759 3344 ex
1773 3311 1988 3348 inexcusabili
2009 3328 2084 3350 mo·

1120 3369 1153 3390 ra
1173 3356 1357 3402 procedat,
1390 3355 1625 3402 creditorique
1653 3357 1690 3391 fit
1717 3358 1859 3396 nociva:
1895 3363 1977 3409 quia
2000 3373 2085 3399 tunc

1119 3406 1213 3441 tarde
1233 3403 1365 3440 solvens
1381 3430 1390 3446 ,
1413 3402 1512 3438 nimis
1532 3402 1652 3439 debito
1680 3404 1838 3444 solveret.
