2400 3939
924 188 972 249 §.
1008 174 1092 240 II.
1134 168 1313 240 Gloff‘.
1357 167 1436 241 V

2039 197 2142 261 375

168 272 271 320 quod
301 283 342 307 ex
369 263 459 306 {aeto
488 262 633 317 Philippi
668 279 736 304 non
768 268 905 316 poffunt
938 270 1140 307 solutionem
1191 270 1396 316 (lingerent,
1421 269 1456 304 ὃς
1482 269 1556 322 quis
1579 281 1694 304 eorum
1710 260 1849 316 justiora
1869 261 2149 318 indueretarma3

168 320 333 368 'conlequi
347 345 356 360 ‚
376 320 456 401 quia
473 318 505 353 in
524 319 668 353 ceffione
683 343 693 358 ,
712 328 794 364 quae
808 318 850 370 ad
867 318 956 369 ipsos
972 321 1138 364 pervenit,

403 366 534 402 diderat
548 366 741 413 qualitatem
754 367 1041 411 participationis,
1057 379 1138 415 qnae

168 367 375 415 Philippusa
736 412 742 417 ·
770 412 777 417 ,

167 414 266 462 ipsam
289 414 467 449 ceffionem
492 415 611 450 minuit
625 440 634 454 ,
654 423 692 447 ut
710 413 778 447 dixi
800 425 831 446 n.
851 415 991 460 proeced.
1013 416 1046 449 &
1064 416 1132 450 hoc

166 472 238 497 erat
266 462 476 509 praecipuum
502 461 769 497 fundamentum.

211 509 368 545 Secunda
386 536 395 550 ,
422 510 501 558 'quia
522 509 660 557 quando
675 509 762 542 bona
776 507 939 543 debitoris
959 508 1033 544 ceffi
1054 509 1128 547 sunt

163 557 242 592 talia
265 584 276 598 ‚
301 569 342 593 ut
369 558 551 593 commode
578 557 676 591 vendi
701 567 767 589 non
790 555 910 601 poffint
940 583 949 596 ,
972 557 1027 592 seu
1054 558 1127 595 sunt

163 605 210 639 ita
234 605 414 646 intricata,
439 617 479 641 ut
501 606 567 640 sine
593 606 695 651 longa
718 603 880 637 dilatione
896 629 905 644 ,
924 605 959 639 &
984 605 1127 652 impensa

161 664 232 688 tion
252 653 319 688 levi
338 653 490 689 extricari
509 665 576 689 non
593 652 713 699 poflint
728 677 737 691 ‚
758 651 792 685 δε
814 650 1009 687 ceffionario
1021 655 1125 689 debe—

163 710 220 736 tur
267 702 386 737 ecunia
408 713 421 745 3
445 710 529 737 tunc
551 699 764 736 ceffionarius
785 699 896 744 potest
910 726 920 740 ‚
941 701 1054 737 omiss'a
1071 714 1125 738 ex-

162 713 314 784 cuflssne
327 775 337 791 ,
352 750 474 785 habere
494 749 672 797 regreffum
695 755 814 782 contra
835 747 1012 784 cedentem
1026 775 1036 790 ‚
1053 760 1124 785 tan-

159 807 262 844 quam
276 797 298 830 fi
313 797 402 834 nulla
419 808 570 832 extarent
588 798 679 831 bona
691 821 701 836 ,
717 795 797 842 quia
813 795 902 840 paria
924 795 996 832 sunt
1009 823 1018 838 ,
1035 798 1124 832 bona

158 856 227 880 non
246 855 381 886 extare,
405 846 459 880 vel
484 855 596 881 extare
619 843 779 879 inutiliter
793 868 803 883 ,
830 853 869 878 nt
889 842 1026 879 secutus
1052 847 1122 881 suin

148 894 257 941 fiipra
279 893 397 931 n.268.

209 939 305 987 Ergo
324 952 403 975 cum
425 941 481 986 Jus
497 968 505 982 ‚
531 939 655 976 cessum
683 938 887 979 Ambrofio,
915 939 953 975 fit
981 941 1026 976 ita
1049 944 1122 988 per-

159 988 294 1035 plexum
308 1008 318 1030 4
336 999 375 1024 ut
391 988 547 1024 videatur
562 987 789 1023 inextricabile
803 1012 814 1028 ,
837 986 940 1023 debet
954 989 1047 1036 poffe
1063 989 1120 1025 lia-

158 1038 241 1072 bere
261 1036 440 1083 regressum
469 1046 588 1072 contra
611 1037 799 1071 cedentem.

206 1085 326 1120 Tertia
350 1111 360 1126 ,
399 1085 479 1133 quia
504 1084 644 1119 admiffo
672 1084 772 1119 etiam
807 1084 940 1120 calculo
976 1097 1119 1133 compu-

159 1141 272 1168 torum
304 1135 379 1168 106.
407 1133 520 1168 adhuc
546 1145 613 1167 non
647 1143 828 1166 remaneret
852 1145 1016 1181 ¹numerus
1050 1147 1119 1168 ma-

155 1180 394 1216 ravedinorum
420 1180 585 1216 celsorum
610 1195 618 1217 z
645 1192 728 1227 ergo
754 1181 879 1215 cedens
907 1184 1045 1218 omnino
1067 1193 1117 1217 te·

155 1236 269 1264 netur.

203 1277 334 1313 Contra
355 1276 575 1311 Ambrosium
597 1276 741 1311 actorem
757 1276 1014 1315 adducebantur
1030 1290 1114 1326 qua-

155 1332 237 1360 tuor
264 1325 493 1362 difficultates.

203 1373 310 1408 Prima
335 1373 416 1422 quia
438 1372 598 1408 venditor
615 1400 624 1414 ,
652 1375 852 1420 promittens
877 1375 920 1409 de
945 1374 1114 1410 evietione

153 1426 216 1468 pro
243 1421 324 1457 dato
347 1448 357 1462 ‚
385 1423 418 1456 δε
443 1420 532 1456 facto
559 1421 619 1456 suo
644 1442 653 1462 ,
682 1422 750 1457 imo
786 1423 985 1469 promittens
1011 1434 1112 1470 gene·-

151 1469 264 1504 raliter
286 1471 381 1516 J'uxta
407 1468 590 1510 formulas,
621 1470 744 1515 politas
770 1471 789 1504 a
816 1472 931 1505 Cabal.
959 1473 991 1504 in
1013 1473 1110 1506 rrafl.

151 1517 195 1552 de
229 1518 327 1552 evitl.
362 1521 398 1552 in
423 1519 454 1562 ξ.
481 1516 535 1557 fin.
572 1529 639 1552 non
667 1528 800 1552 tenetur
827 1518 871 1552 de
906 1518 1075 1553 eviciione
1099 1547 1109 1560 ,

150 1565 210 1600 nisi
235 1577 273 1599 ea
300 1566 336 1600 fit
363 1565 476 1600 secuta
492 1591 502 1605 ‚
529 1566 647 1600 Cabal.
667 1567 722 1600 uln·
735 1569 810 1614 sup.
835 1569 866 1613 ξ.
890 1579 919 1612 3.
940 1569 1109 1602 mim.160.

150 1613 282 1648 &ideo
309 1613 477 1660 pendente
502 1614 754 1654 conrroverfia,
782 1626 851 1648 non
869 1625 1025 1656 tenetur,
1052 1619 1112 1650 Ca-

149 1661 233 1697 hall.
260 1662 314 1696 ubi
327 1664 404 1709 fitp.
431 1663 464 1707 ξ.
493 1672 524 1705 5.
553 1674 639 1696 imm.
671 1663 727 1696 86.
755 1664 909 1710 quamvis
941 1663 1112 1700 immineat

148 1709 337 1754 periculum
363 1709 538 1744 evictionis
559 1736 569 1750 ,
597 1710 684 1744 idem
709 1713 780 1745 eod.
805 1712 836 1756 ξ.
876 1724 906 1758 5.
939 1723 1023 1747 num.
1052 1714 1110 1753 48.

147 1768 253 1804 quare
278 1758 360 1792 licet
385 1758 528 1804 emptori
555 1758 587 1791 in
613 1770 683 1792 uno
709 1760 820 1805 capite
843 1759 1009 1793 intentato
1030 1760 1110 1794 defi-

147 1804 216 1840 ciat
232 1804 380 1842 defenlio
397 1815 537 1853 propter
563 1805 685 1840 faetum
706 1807 805 1853 iplius
824 1808 1011 1842 venditoris
1025 1836 1033 1848 ,
1060 1818 1109 1843 ta-

145 1863 222 1887 men
249 1854 370 1890 sufficit
398 1881 407 1895 ‚
435 1853 532 1902 quod
559 1854 694 1900 supersit
720 1857 751 1888 in
779 1856 846 1889 alio
871 1868 883 1898 3
908 1855 1004 1902 Ergo
1031 1867 1108 1892 cum

145 1900 360 1936 cellionarius
388 1913 457 1936 non
483 1901 581 1947 possit
603 1902 718 1938 adhuc
744 1903 858 1937 dicere
881 1929 890 1942 ,
933 1903 1107 1939 ceffionem

146 1947 213 1984 effe
238 1949 410 1992 inutilem,
433 1951 488 1983 sed
515 1948 619 1985 solum
641 1949 706 1985 eise
723 1952 797 1997 ejus
813 1951 1012 1986 solutionem
1033 1953 1106 1986 red-

144 1996 248 2032 ditam
267 1999 398 2035 dubiam
413 2025 424 2040 ,
449 2000 481 2033 &
497 1998 630 2032 dilatam
649 2011 662 2041 ·,
685 2013 753 2034 non
775 1999 886 2046 potest
910 2011 1010 2046 agere
1029 2012 1109 2036 con-

144 2053 195 2079 tra
223 2048 414 2082 cedentem.

6 2123 7 2126 ,
64 2101 132 2149 276
193 2093 377 2136 Secunda,
406 2093 485 2141 quia
513 2094 611 2129 ceflio
637 2094 669 2128 in
694 2094 771 2135 liis,
798 2109 881 2144 qua:
906 2097 1107 2143 disputatio-

4 2150 6 2160 ’
141 2152 218 2176 nem
243 2142 428 2188 admittunt
447 2169 457 2183 ,
484 2142 683 2189 intelligitur
704 2155 823 2180 contra
854 2146 1081 2180 ceffionarium
1096 2172 1106 2186 ‚

143 2189 256 2228 Franc.
274 2193 349 2226 Bec.
366 2193 448 2236 confi
474 2202 546 2235 105.
572 2194 605 2224 in
625 2191 699 2231 fine.
728 2191 797 2228 Sed
819 2194 896 2229 liaec
914 2193 1012 2228 ceffio
1035 2194 1107 2228 red-

144 2237 239 2273 ditur
265 2238 476 2287 disputabilis
494 2265 504 2280 ,
530 2241 563 2274 ὅ(
587 2250 655 2273 non
678 2238 791 2275 secura
807 2268 816 2281 ,
844 2253 908 2277 tam
936 2253 976 2276 eit
1001 2242 1105 2276 faeto-

142 2285 290 2334 Philippi
313 2314 321 2328 ,
344 2287 403 2336 qui
431 2299 499 2322 eam
529 2287 611 2322 fecit
635 2298 694 2334 per
716 2289 854 2324 modum
876 2289 1106 2336 participatio—

143 2334 195 2369 nis
223 2360 234 2376 ,
263 2346 364 2383 quam
390 2347 430 2370 ex
457 2334 546 2370 fasto
569 2345 686 2370 eorum
712 2362 722 2376 ,
755 2337 815 2384 qui
843 2337 1002 2373 differunt
1031 2338 1107 2372 soli-

143 2382 224 2418 dare
248 2384 416 2419 calculum
436 2382 450 2419 ἐ
476 2395 559 2431 ergo
581 2383 742 2419 debemus
766 2384 969 2434 respondere
987 2396 1107 2422 contra

143 2430 385 2467 ceffionarium.

73 1380 138 1423 ²75

62 2495 153 2537 ⁸77.
191 2478 446 2533 Tertia‚·quia
470 2478 686 2515 ceffionarius
714 2482 748 2516 ὃς
779 2489 913 2528 emptor
944 2482 1106 2518 videntur
1152 2488 1175 2525 q

143 2538 177 2562 in
204 2527 470 2564 substantialibus
494 2529 513 2563 a
540 2529 609 2575 pari
635 2530 824 2576 procedere
847 2541 860 2572 ;
882 2539 954 2565 nam
989 2532 1106 2566 vendi-

142 2585 201 2612 tor
225 2575 320 2611 cedit
346 2576 490 2623 emptori
517 2577 592 2622 jura
615 2603 626 2618 ‚
651 2579 684 2612 δε
704 2577 784 2613 facit
805 2589 880 2612 eum
903 2589 1106 2623 procuratos

142 2635 209 2658 rem
232 2623 262 2657 in
287 2635 355 2659 rem
378 2624 545 2672 propriam
565 2651 574 2666 ‚
600 2627 633 2660 δε
653 2626 721 2660 hoc
742 2626 829 2660 idem
855 2626 934 2661 iacit
955 2627 1107 2671 cedens;

144 2672 180 2708 ὃς
201 2669 280 2706 ideo
302 2671 386 2708 ficut
411 2683 543 2719 emptor
566 2682 697 2709 tenetur
724 2674 905 2708 defendere
928 2683 995 2708 rem
1015 2687 1105 2722 emp-

144 2729 211 2755 tam
224 2745 234 2759 ,
252 2719 297 2754 ita
317 2721 414 2756 etiarn
444 2720 656 2756 ceffionarius
678 2732 812 2758 tenetur
837 2721 1020 2758 defendere
1037 2735 1103 2758 rem

144 2766 264 2802 cessam
287 2794 297 2809 ‚
332 2780 371 2804 ut
400 2768 536 2805 secutus
567 2768 635 2803 sum
649 2772 758 2818 supra
791 2783 914 2804 numer.
951 2771 1030 2804 261.
1070 2772 1105 2806 &

142 2815 224 2851 ideo
248 2828 316 2851 non
343 2818 452 2863 potest
481 2817 606 2852 habere
629 2817 809 2864 regressum
836 2828 953 2853 contra
981 2819 1105 2853 ceden-

141 2873 211 2899 tem
228 2890 239 2906 ,
267 2864 324 2898 nisi
348 2865 390 2900 ad
415 2865 511 2899 finem
539 2865 731 2911 perduxerit
760 2867 953 2901 mandatum
977 2864 1105 2914 suscep-

125 2920 215 2947 -tum
234 2912 342 2959 usque
360 2914 402 2947 ad
419 2914 610 2949 sententiam
632 2914 864 2956 diffinitivam,
887 2915 921 2948 &
942 2915 1106 2949 excuffio-

142 2970 243 3002 nem,
269 2961 348 2996 alias
373 2972 440 2995 noti
465 2960 727 2997 consummando
749 2989 758 3003 ,
786 2964 819 2997 ὃς
844 2974 912 2996 non
931 2961 1104 3009 perficien-

141 3006 189 3042 do
211 3018 297 3042 onus
317 3009 462 3045 mandati
482 3008 644 3056 suscepti,
670 3009 750 3046 effet
773 3010 804 3044 in
828 3010 941 3052 dolo;
961 3010 995 3044 ὃς
1012 3023 1105 3045 man-

140 3055 260 3096 danti,
282 3057 342 3103 qui
362 3058 407 3092 est
431 3057 555 3092 cedens
569 3084 578 3098 ‚
603 3057 741 3093 daretur
763 3057 849 3092 aetio
870 3057 1039 3100 mandati,
1063 3069 1103 3094 ut

139 3102 277 3139 secutus
297 3105 365 3139 sum
383 3108 483 3153 supra
508 3117 681 3152 num.255.
707 3108 741 3143 (ῥ’
757 3107 846 3154 seqq.
864 3107 917 3141 vel
934 3105 1043 3142 saltem
1060 3119 1101 3142 ex

137 3150 209 3186 hoc
239 3153 414 3199 repelleret
437 3152 665 3190 ceffionarium
682 3164 837 3200 agentem
853 3164 971 3190 contra
993 3154 1099 3201 ipsum

136 3200 328 3236 cedentem.

55 3238 146 3308 ἠέ(
185 3249 320 3293 Quarta
337 3275 347 3291 ,
370 3249 451 3296 quia
470 3249 645 3296 suppofito
661 3250 760 3285 etiam
778 3249 876 3298 quod
900 3250 933 3284 in
953 3261 1100 3297 compu-

135 3295 180 3333 tis·
207 3298 283 3331 106.
313 3297 510 3333 Ambrosius
533 3298 746 3333 ceffionarius
767 3310 835 3332 non
859 3298 958 3345 poffit
979 3300 1097 3334 conse-

135 3345 195 3392 qui
216 3346 447 3380 maravedinos
466 3347 545 3388 ²43·
560 3347 608 3381 V.
631 3359 642 3380 i
656 3358 708 3390 19.
729 3357 838 3381 tamen
854 3347 962 3380 haeres
983 3347 1094 3382 Nico-

133 3391 175 3426 lai
191 3393 374 3441 replicabat
387 3420 397 3434 ,
414 3393 567 3429 debiturn
585 3394 692 3442 Regis
709 3393 887 3429 ascendere
903 3394 991 3429 ultra
1006 3393 1094 3429 sum-

130 3451 216 3476 mam
239 3441 406 3477 dictorum
422 3453 662 3489 computorum
681 3444 758 3480 ¹06·
777 3453 856 3476 cum
872 3441 1008 3476 ministri
1024 3441 1093 3478 Re-

131 3487 180 3534 gii
201 3489 398 3532 retulerint,
421 3490 504 3524 illud
525 3489 679 3526 debitum
700 3490 766 3525 effe
787 3490 873 3526 ultra
890 3490 969 3524 alias
991 3490 1091 3536 parti-

130 3542 208 3578 tas,
238 3548 324 3585 quas
350 3538 395 3574 de
424 3536 587 3574 consensu
611 3548 772 3574 notarunt
789 3564 799 3581 ,
829 3540 862 3572 in
882 3537 945 3571 illis
966 3541 1088 3574 verbis.

128 3582 172 3617 de
198 3594 270 3619 mas
290 3586 334 3621 de
357 3598 447 3622 otras
463 3587 641 3634 pauidas,
668 3596 727 3634 que
748 3597 956 3634 appontaron.

176 3631 287 3667 Volui
311 3633 345 3669 in
368 3635 431 3671 hac
449 3634 585 3670 materia
607 3634 666 3682 has
689 3634 909 3669 difficultates
933 3632 1056 3668 referre
1076 3661 1086 3676 ,

125 3680 283 3729 quamvis
305 3679 400 3726 Rota
419 3683 453 3719 in
471 3682 527 3719 illa
547 3682 820 3720 determinaverit
840 3709 850 3725 ,
877 3692 959 3730 quae
981 3682 1088 3731 magis

1190 318 1292 352 redeo
1316 318 1358 352 ad
1386 317 1537 352 cefiionis
1560 319 1737 355 materiam,

1238 367 1376 411 Amplia
1399 365 1508 400 omnia
1528 381 1536 404 3
1563 377 1643 413 quae
1665 367 1709 399 de
1727 368 1868 401 ceslio'iie
1887 370 2028 406 nominis
2049 371 2142 407 debi-
2171 375 2236 421 ἧς

1187 414 1270 448 toris
1296 414 1486 460 dixisttpra
1501 412 1567 461 sith
1590 426 1674 447 num.
1708 428 1786 457 249.
1817 419 1851 452 (ς’
1873 419 1965 464 seqq.
1999 429 2036 453 tit
2063 431 2142 466 pro·-

1184 462 1334 503 cedant,
1371 461 1469 495 etiam
1496 460 1634 508 quando
1662 463 1796 497 ceditur
1830 477 1948 497 norrun
1980 467 2143 503 debitoris

1183 508 1280 544 inviti
1304 536 1314 550 ,
1338 520 1416 544 cum
1443 509 1521 543 haec
1544 507 1642 542 ceffio
1668 510 1765 554 possit
1792 512 1860 545 fieri
1881 538 1890 551 ‚
1918 514 2014 548 etiam
2044 516 2141 550 debi-

1183 565 1259 591 tore
1281 557 1390 592 invito
1414 583 1424 597 ‚
1454 559 1549 592 Joan.
1578 557 1672 591 And.
1704 561 1737 592 in
1762 562 1873 593 addit.
1903 562 1949 592 ad
1980 564 2059 607 Vpec.
2087 567 2139 598 tir.

1181 605 1224 637 de
1246 605 1314 653 ceffi
1339 606 1403 639 aff.
1423 605 1629 652 paragrapho
1661 617 1689 638 ι.
1719 610 1752 639 in
1777 610 1876 641 verbo
1902 634 1911 646 ,
1949 608 2073 653 desunt.
2109 616 2141 645 in

1173 651 1242 693 fine
1267 679 1276 693 ‚
1305 654 1363 688 lib.
1385 653 1496 699 2.fol.
1514 664 1561 697 ις.
1589 654 1738 700 haecque
1766 655 1865 688 cesii'o
1888 652 2013 689 dzcitur
2040 658 2138 693 ceffio

1180 699 1324 734 hominis
1343 701 1385 735 ad
1407 699 1625 735 differ-entiam
1649 701 1821 742 cessionss„
1848 715 1930 750 quae
1950 704 2077 739 dicitur
2096 706 2140 740 le-

1178 747 1232 793 gis
1246 775 1257 788 ,
1277 758 1315 783 ut
1335 760 1394 795 per
1415 751 1556 783 Momfc.
1575 749 1672 782 trac}-
1689 753 1731 782 die
1745 753 1865 785 invent.
1883 755 1947 794 c.9'.
1965 755 2139 797 n;79.1o.8.

1174 798 1362 844 par.2.fol.
1379 809 1457 831 220.

1227 844 1273 879 Et
1290 845 1393 890 nujus
1416 845 1638 890 ampliationis
1656 845 1786 880 termini
1810 847 1881 882 suni·
1902 846 2019 888 <liverfi
2035 849 2053 883 ἐι
2071 859 2139 883 ter-

1177 892 1273 927 minis
1296 893 1419 927 nollrae
1446 893 1666 939 quaestioni3‚
1691 893 1735 927 de
1759 906 1826 942 qua
1844 898 1949 941 supra
1968 908 2137 939 numz44.

1177 941 1257 988 quia
1271 940 1303 974 in
1317 940 1371 974 illa
1392 941 1582 988 quaestione
1604 940 1759 981 debitor,
1784 945 1884 987 cujus
1903 955 2025 977 nomen
2046 947 2137 979 cedi-

1179 998 1258 1030 tur,
1281 1000 1348 1022 non
1374 988 1478 1023 solum
1502 989 1680 1028 consentit,
1699 989 1751 1023 sel
1771 991 1867 1025 etiam
1886 992 2050 1036 promittit
2066 1005 2138 1027 cre-

1173 1035 1276 1071 ditori
1293 1036 1488 1071 ceslionario
1502 1063 1511 1077 ,
1537 1038 1569 1072 ὃς
1596 1037 1841 1084 consequenzer
1863 1041 1971 1084 poreil
1992 1040 2058 1073 dici
2078 1042 2135 1075 de-

1172 1083 1300 1131 legatio
1322 1111 1332 1124 ,
1359 1095 1397 1119 ut
1421 1084 1490 1118 dixi
1515 1088 1548 1118 in
1571 1087 1752 1132 cafizseqq.
1783 1097 1816 1120 at
1842 1087 1872 1119 in
1901 1087 2045 1120 zermin³s
2069 1089 2133 1120 nn-

1170 1133 1225 1178 jus
1254 1132 1475 1178 ampliationis
1502 1133 1662 1174 debitor,
1695 1135 1796 1180 cujus
1823 1145 1946 1170 nomen
1965 1136 2100 1170 ceditur·
2122 1164 2129 1177 ,

1169 1191 1237 1214 non
1261 1180 1440 1215 consentit.
1619 1221 1621 1223 ,
1751 1223 1752 1226 ¹
1836 1220 1844 1224 ,
1956 1220 1962 1225 ⁴
1987 1219 1992 1224 ,

1216 1228 1263 1264 Et
1285 1229 1362 1262 haec
1381 1228 1425 1262 de
1444 1227 1552 1274 primo
1572 1227 1650 1263 casti
1663 1255 1673 1270 ,
1697 1227 1922 1278 politosupra
1935 1231 2000 1280 sub
2015 1233 2128 1276 n.'249.
2145 1234 2213 1267 23²⁸

1217 1276 1398 1310 Secundus
1422 1275 1515 1311 casus
1533 1276 1581 1311 est
1594 1303 1605 1318 ,
1627 1277 1766 1330 quando
1789 1290 1855 1325 ego
1875 1280 2010 1315 debitor
2023 1291 2101 1316 tuus
2115 1307 2126 1321 ,

1166 1324 1199 1358 &
1214 1325 1364 1358 creditor
1381 1324 1499 1364 Oculi,
1513 1325 1604 1360 cedo
1620 1325 1680 1359 tibi
1697 1324 1765 1360 hoc
1785 1337 1906 1360 nomen
1922 1328 2022 1363 Ceuli
2037 1324 2126 1374 prze-

1164 1372 1262 1406 sentis
1277 1399 1286 1412 ‚
1305 1373 1339 1407 ὃς
1358 1372 1481 1407 mando
1499 1372 1580 1407 eiut
1600 1373 1658 1407 tibi
1674 1374 1778 1409 solvat
1793 1399 1799 1411 .
1817 1376 1850 1409 &
1866 1373 1929 1422 ipse
1946 1386 2124 1416 acceptan-

1164 1420 1212 1454 do
1235 1421 1422 1456 mandatum
1440 1431 1551 1455 meum
1564 1445 1574 1461 ,
1592 1430 1675 1456 tunc
1695 1421 1747 1455 vel
1761 1425 1874 1468 poltea
1890 1424 1948 1458 tibi
1967 1418 2122 1469 prae‘senti

1162 1468 1329 1514 promittit
1352 1468 1481 1503 solvere
1506 1480 1519 1511 3
1546 1478 1656 1516 tuque
1684 1470 1805 1516 recipis
1831 1470 1915 1504 illam
1937 1472 2122 1517 promislio-

1161 1528 1234 1550 nem
1255 1529 1266 1559 3
1283 1517 1315 1550 ὅ(
1335 1515 1394 1550 iste
1412 1516 1458 1550 est
1476 1515 1569 1552 casus
1593 1518 1840 1563 delegationis,
1861 1518 1939 1566 quia
1961 1519 1997 1553 fit
2019 1520 2119 1555 ceilio

1160 1575 1235 1597 cum
1253 1563 1414 1598 consensu
1435 1564 1600 1600 debitoris
1613 1591 1623 1606 ,
1644 1567 1745 1611 cujus
1760 1578 1882 1600 nomen
1904 1567 2047 1608 ceditur,
2064 1570 2118 1603 Jo.

1160 1613 1271 1646 Andr.
1288 1616 1321 1646 in
1334 1613 1446 1648 addit.
1463 1613 1511 1647 ad
1525 1615 1612 1660 Spec.
1629 1617 1681 1647 tit.
1694 1615 1735 1647 de
1751 1614 1818 1662 ceff.
1834 1615 1898 1649 αὲἶ.
1901 1617 2119 1663 paragrapho

1162 1674 1188 1695 i.
1210 1659 1295 1703 iiifi.
1316 1663 1349 1693 in
1367 1660 1477 1701 verbo,
1496 1661 1855 1708 desunt-lib.2.fol.15.
1868 1664 1965 1698 Paul.
1978 1665 2020 1696 de
2033 1665 2116 1706 Call.

1160 1709 1229 1742 inl.
1249 1708 1301 1752 58.
1323 1710 1378 1755 qui
1395 1709 1627 1755 ufitmfruHum
1648 1709 1959 1759 versusfinem,J'ub
1971 1723 2038 1756 n.3.
2057 1712 2117 1752 tbi,

1157 1767 1216 1790 aut
1248 1755 1389 1791 habebat
1408 1757 1450 1802 ff.
1477 1757 1519 1790 de
1547 1757 1640 1792 verb.
1668 1757 1768 1806 oblig.
1800 1758 1917 1792 diceris
1938 1785 1948 1800 ,
1973 1760 2068 1806 quod
2093 1760 2117 1794 fi

1159 1805 1308 1849 camplor
1323 1830 1332 1844 ,
1349 1803 1513 1851 quijuffu
1535 1814 1611 1839 meo
1628 1803 1798 1851 promittit
1813 1805 1941 1841 solvere
1955 1819 2030 1841 meo
2045 1819 2117 1842 cre-

1157 1851 1260 1886 ditori
1275 1878 1285 1893 ‚
1302 1851 1446 1887 habebat
1465 1863 1568 1887 meam
1595 1853 1770 1899 pecuniam
1784 1879 1793 1894 ,
1816 1854 1850 1888 δε
1868 1855 1911 1888 iic
1932 1864 2001 1890 erat
2024 1855 2117 1890 debi-

1157 1911 1212 1935 tor
1231 1911 1325 1934 meus
1344 1926 1354 1939 ,
1380 1900 1487 1936 oritur
1507 1899 1680 1948 delegatio
1696 1927 1705 1942 ,
1722 1912 1781 1947 per
1802 1913 1902 1950 quam
1924 1914 1988 1938 tam
2008 1904 2087 1938 olim
2103 1930 2114 1946 ‚

1157 1959 1256 1996 quam
1281 1947 1386 1982 hodie
1406 1947 1445 1982 fit
1463 1948 1604 1983 novatio
1619 1975 1629 1989 ,
1656 1950 1690 1984 ὃς
1717 1949 1847 1985 ssri'stus
1866 1950 1990 1986 ibidem
2010 1952 2113 1986 Alex.

1145 1997 1211 2044 Juh
1232 2007 1300 2041 n.5.
1322 1996 1440 2030 dicens
1456 2020 1466 2034 ,
1487 1996 1585 2044 quod
1606 1996 1743 2032 debitor
1767 1997 1926 2034 liberatur
1944 2011 2003 2046 per
2021 2000 2116 2034 dele-

1155 2045 1327 2091 gationem
1340 2071 1349 2083 ‚
1369 2055 1450 2090 quae
1472 2043 1509 2079 fit
1531 2044 1553 2078 fi
1573 2044 1772 2080 interveniat
1789 2045 1961 2093 stipulatio
1975 2075 1984 2089 ‚
2005 2049 2037 2082 δε
2055 2047 2115 2082 de·-

1155 2093 1288 2138 legatus
1302 2093 1340 2127 lit
1355 2092 1491 2127 debitor
1505 2092 1703 2140 delegantis,
1719 2095 1753 2128 &
1765 2095 1938 2141 promittat
1955 2105 2114 2144 tanquam

1154 2140 1289 2174 debitor
1306 2140 1492 2187 delegantis
1507 2167 1516 2181 ,
1540 2143 1573 2176 &
1595 2151 1757 2189 tanquam
1777 2142 1852 2188 ejus
1870 2143 2006 2179 debitor
2022 2145 2114 2180 dele·-
2168 2186 2171 2193 ¹

1154 2198 1256 2234 getur
1278 2189 1355 2222 alias
1371 2214 1380 2229 ‚
1403 2188 1539 2235 inquit,
1556 2200 1625 2224 non
1644 2190 1691 2224 est
1712 2189 1882 2236 delegatio
1900 2217 1911 2233 ,
1931 2193 1958 2238 †
1978 2195 2060 2228 Dec.
2082 2196 2115 2226 in
2131 2195 2196 2233 281!

1155 2237 1233 2281 l.15.
1251 2237 1435 2286 singularia
1444 2236 1510 2285 sub
1527 2238 1619 2271 n.26.
1635 2238 1682 2272 ibi
1696 2239 1861 2285 ,secundo
1872 2242 2114 2289 principaliter,

1154 2285 1188 2321 (9'
1206 2297 1295 2332 n.27.
1306 2286 1347 2331 ff.
1357 2283 1388 2330 fi
1406 2295 1486 2319 cert.
1500 2294 1566 2331 pet.
1585 2286 1686 2332 eujus
1703 2286 1887 2322 doetrinam
1902 2311 1912 2329 ‚
1930 2297 1973 2323 eo
1986 2299 2055 2324 non
2070 2290 2116 2324 ci-

1154 2343 1227 2368 tato
1243 2360 1254 2375 ,
1273 2333 1424 2380 sequitur
1440 2333 1472 2366 in
1495 2330 1616 2368 effeetu
1636 2336 1709 2369 Rot.
1728 2334 1869 2370 Genuen.
1887 2334 1959 2372 dec.
1989 2349 2042 2381 ¹9·
2060 2349 2117 2371 nos

1153 2382 1322 2415 auditores
1349 2393 1478 2415 numero
1507 2393 1541 2427 7.
1563 2381 1598 2415 ὅί
1630 2392 1673 2416 eo
1695 2383 1802 2417 citato
1821 2394 1843 2428 ,ζ
1863 2383 1936 2420 dec.
1965 2397 1997 2419 ι.
2021 2396 2117 2421 erant

1143 2429 1209 2475 fiib
1225 2441 1355 2463 numero
1376 2441 1431 2463 22.
1448 2429 1502 2475 ²3·
1518 2429 1552 2465 ὠ
1566 2439 1620 2473 24.
1635 2430 1670 2463 &
1687 2441 1730 2465 eo
1744 2430 1884 2478 aliisque
1904 2432 2018 2468 citatis
2034 2460 2044 2476 ,
2069 2433 2117 2468 se·

1178 2477 1271 2512 uitur
1297 2477 1394 2512 Surd.
1418 2478 1490 2511 dec.
1510 2489 1565 2522 ²3·
1594 2477 1772 2513 creditores
1783 2480 1849 2525 sub
1873 2491 1941 2525 n.5.
1966 2483 2001 2518 ό
2026 2484 2057 2516 6.
2080 2483 2117 2519 ὠ·

1151 2525 1524 2573 consil.i45.scipiosub
1543 2537 1664 2561 numa.
1679 2527 1714 2564 (θ’
1733 2539 1764 2572 3.
1782 2527 1878 2564 liba.
1896 2529 2008 2577 inquit
2026 2531 2117 2566 Dec.

1152 2574 1250 2621 quod
1268 2574 1386 2620 opinio
1409 2573 1561 2614 Bartoli,
1585 2576 1602 2619 (
1622 2585 1723 2622 quam
1744 2575 1846 2610 retuli
1860 2578 1970 2625 supra
1990 2580 2115 2624 n.63.)

1154 2621 1312 2667 procedit
1327 2648 1336 2662 ,
1353 2621 1375 2655 si
1392 2621 1576 2656 commissio
1597 2621 1680 2658 faeta
1702 2623 1739 2659 fit
1756 2626 1932 2660 mercatori
1950 2638 2009 2672 per
2026 2639 2115 2662 viam

1153 2669 1377 2716 delegationis
1392 2697 1401 2711 ‚
1419 2670 1498 2718 quia
1523 2681 1582 2715 per
1604 2669 1854 2718 delegationem
1868 2673 2041 2710 inducitur
2057 2687 2118 2709 no-

1152 2717 1247 2753 vatio
1263 2743 1273 2759 ,
1300 2719 1333 2753 &
1363 2718 1423 2765 qui
1448 2716 1585 2764 delegat
1605 2743 1615 2760 ‚
1647 2718 1748 2755 solvit
1771 2746 1781 2760 ‚
1812 2720 1893 2767 quia
1914 2722 1971 2758 dat
1994 2727 2118 2758 nomen

1152 2765 1316 2802 debitoris
1337 2766 1520 2801 insolutum
1542 2793 1552 2807 ,
1572 2768 1606 2803 &
1624 2766 1797 2815 delegatio
1817 2769 2000 2804 secundum
2023 2783 2117 2806 com-

1152 2826 1284 2850 munem
1303 2815 1499 2861 opinionem
1524 2813 1562 2850 fit
1580 2841 1591 2856 ,
1617 2814 1740 2864 inquit,
1754 2817 1860 2853 tribus
1881 2820 2117 2854 concurrenti-

1150 2862 1240 2906 bus;
1260 2863 1371 2897 Primo
1385 2889 1394 2903 ,
1419 2862 1518 2911 quod
1534 2862 1711 2910 delegatus
1731 2864 1770 2900 fit
1790 2864 1925 2900 debitor
1950 2866 2113 2913 delegan-

1152 2910 1194 2946 tis
1210 2937 1219 2951 ‚
1244 2915 1260 2959 (
1276 2912 1308 2945 &
1324 2922 1392 2958 ego
1413 2915 1493 2946 dico
1505 2938 1514 2952 ‚
1536 2912 1604 2946 hoc
1618 2912 1811 2959 requifitum
1826 2913 1858 2946 in
1873 2913 2019 2949 ceffione
2030 2915 2115 2949 sem-”-

1150 2970 1209 3004 per
1230 2972 1269 2994 ex
1289 2958 1466 2995 substantia
1484 2959 1636 2994 ceffionis
1658 2959 1758 2994 inesse
1773 2987 1783 3002 ,
1811 2961 1891 3008 quia
1912 2972 1981 2996 non
2003 2964 2114 3009 potest

1150 3006 1221 3041 fieri
1240 3006 1338 3042 ceffio
1357 3033 1367 3049 ,
1391 3007 1447 3040 nisi
1467 3006 1495 3041 is
1517 3008 1619 3053 cujus
1640 3020 1762 3042 nomen
1782 3009 1939 3050 ceditur,
1962 3010 1999 3045 fit
2019 3010 2113 3046 debi„

1149 3064 1204 3090 tor
1223 3055 1373 3090 cedentis
1389 3066 1401 3097 ;
1417 3056 1434 3101 )
1457 3055 1621 3091 Secundo
1633 3082 1642 3096 ,
1659 3055 1757 3103 quod
1778 3056 1953 3104 delegatus
1972 3059 2112 3104 promit.-

1149 3112 1197 3138 tat
1219 3115 1276 3150 per
1305 3103 1552 3149 stipulationem
1574 3104 1619 3138 de
1644 3104 1802 3139 mandato
1826 3105 1926 3151 ipfius
1950 3106 2110 3154 delegan-

1147 3151 1201 3185 tis.
1236 3151 1358 3186 Tertio
1383 3176 1393 3191 ,
1416 3150 1514 3199 quod
1542 3151 1719 3197 promittat
1749 3162 1906 3200 tanquam
1936 3153 2074 3190 debitor
2097 3182 2109 3197 ,

1147 3197 1283 3234 Montic.
1307 3199 1402 3233 ιναῑί.
1420 3200 1463 3233 de
1478 3202 1599 3234 invent.
1621 3202 1728 3247 capite
1746 3212 1823 3234 nono
1837 3227 1847 3241 ‚
1870 3214 1900 3234 n.
1908 3214 1962 3247 79.
1977 3213 2052 3237 tom.
2074 3205 2106 3238 8.

1141 3257 1218 3293 par.
1242 3260 1274 3282 2.
1285 3248 1438 3294 f⁰l·².²0·
1456 3249 1526 3281 Rot.
1544 3249 1576 3280 in
1598 3249 1739 3281 Romana
1759 3248 1946 3283 litterarum
1960 3252 2082 3285 cambii
2094 3280 2103 3292 ,

1144 3306 1255 3339 ven.3.
1274 3297 1308 3331 o·
1328 3307 1380 3328 iz.
1399 3296 1521 3329 Martii
1542 3305 1641 3338 1595.
1657 3307 1725 3339 n.3.
1743 3296 1778 3331 <J
1792 3309 1955 3337 4.coram.
1975 3300 2103 3334 ΚΖΗ).-

1144 3344 1300 3382 sacram,
1315 3345 1346 3375 in
1364 3342 1513 3388 impreffis
1525 3344 1616 3389 apud
1638 3345 1748 3377 Marc.
1771 3344 1813 3376 de
1831 3357 1943 3380 comm.
1958 3357 2027 3384 tut.
2041 3359 2102 3393 pa-

1142 3391 1305 3439 ragrapho
1329 3392 1401 3436 ²·f·
1420 3391 1499 3435 873.
1525 3392 1558 3424 &
1579 3390 1677 3437 quod
1697 3391 1739 3425 ad
1761 3386 1985 3427 inducendam
2012 3395 2103 3429 dele-

1140 3438 1312 3483 gationem
1340 3440 1552 3484 requiratur,
1575 3437 1672 3485 quod
1698 3439 1855 3474 mandans
1874 3440 2075 3477 solutionem
2092 3471 2100 3481 ,

1139 3487 1177 3522 fit
1203 3486 1353 3520 creditor
1379 3486 1467 3520 illitis
1481 3512 1491 3527 ,
1512 3485 1568 3519 cui
1586 3485 1719 3519 mandat
1736 3511 1747 3526 ,
1770 3487 1804 3522 Sc
1823 3490 1955 3524 mandet
1975 3490 2042 3530 illi,
2061 3503 2100 3526 ut

1139 3545 1298 3581 tanquam
1321 3533 1401 3568 suus
1421 3534 1556 3568 debitor
1573 3532 1602 3566 se
1620 3532 1751 3579 obliget
1776 3535 1837 3569 suo
1860 3538 2038 3577 creditori,
2064 3542 2096 3574 <Sc

1135 3582 1233 3628 quod
1252 3582 1310 3616 ista
1327 3581 1494 3627 obligatio
1515 3590 1716 3626 acceptetur
1731 3582 1751 3616 a
1772 3583 1959 3624 creditore,
1981 3590 2033 3620 cui
2051 3590 2097 3621 eit

1136 3629 1333 3664 solvendum
1349 3655 1358 3669 ,
1381 3628 1465 3665 dixit
1493 3631 1562 3663 Rot.
1582 3628 1713 3672 dec.5i.
1731 3633 1807 3676 quia
1821 3632 1968 3666 dominns
1980 3645 2046 3675 ›!.4.
2064 3638 2097 3667 in

1136 3681 1269 3713 Roman.
1284 3677 1484 3712 cambiarum
1495 3677 1574 3711 Iunae
1586 3688 1618 3720 9.
1633 3677 1725 3758 supi-1¹
1738 3678 1834 3723 1605.
1848 3682 1925 3714 cori
1941 3682 2095 3728 lilasirrff.

1705 3737 1715 3759 1
1771 3738 1789 3758 2
1995 3730 2098 3762 sard.-
