2400 3939
420 195 472 262 §.
509 191 610 250 IX.
633 191 833 253 Const.
869 194 957 253 Pii
991 189 1099 254 IV.
1138 186 1304 275 supet·
1336 186 1534 253 societ.
1565 187 1662 254 off.

132 294 289 334 tempore
304 284 475 333 appofita,
493 284 536 318 ad
565 284 656 324 hoc,
682 293 721 320 ut
738 284 831 319 licita
848 294 977 320 tantum
1003 286 1066 318 ssa-

132 345 273 371 tuantur
293 332 489 372 examinari,
510 331 552 366 ad
571 331 752 367 societates
769 331 852 377 ipsas
865 359 875 373 ,
898 344 936 368 ut
960 332 1065 368 omni-

132 381 199 418 bus
216 380 424 417 innotescere
440 379 561 427 poffint
582 391 645 414 nec
666 381 752 414 ultra
769 380 944 414 dimidium
964 379 1065 427 pretii

131 429 281 476 ipsorum
308 427 498 464 officiorum
519 427 600 463 fiant
617 427 648 462 in
670 428 789 475 aliquo
808 428 1000 473 particulari
1027 428 1065 461 li-

131 476 196 512 bro
213 477 256 511 ad
277 476 382 523 ipsum
401 475 580 511 Datarium
603 475 776 516 adnotari,
802 477 835 510 ὃ(
852 488 913 522 pro
928 475 1064 522 expedi-

130 524 230 560 tione
256 523 436 570 fignaturae
454 524 487 558 &
513 523 734 558 adnotatione
753 524 947 568 hujusmodi
967 523 1064 558 dimi-

129 571 226 607 dium
247 573 348 606 unius
369 583 433 618 pro
460 571 615 618 quolibet
641 573 837 606 centenario
869 583 928 618 per
951 582 1065 617 partes

129 617 216 667 ipsas
231 618 378 666 praefato
394 618 539 654 Datario
553 618 661 662 solvi·‚
678 620 711 653 &
727 630 765 654 ut
780 617 915 654 fraudes
926 646 935 658 ,
952 632 990 654 ac
1005 630 1063 665 pa-

131 667 184 702 Qa
199 667 316 702 illicita
331 678 400 702 non
420 666 590 715 praem'iffis
611 665 769 702 haetenus
790 666 876 705 faeta
896 667 1063 714 detegati-

129 725 209 757 tur,
221 727 262 751 ac
277 715 342 749 illis
363 715 396 749 in
412 726 568 761 ternpore
589 715 722 750 occurri
739 715 856 763 possit,
884 715 1062 751 societates

128 761 292 798 haetenus
314 762 416 797 factas
430 790 440 804 ‚
460 764 494 797 &
513 763 628 797 adhuc
654 764 809 810 vigentes
827 764 936 798 eidem
957 763 1062 799 Data-

127 811 199 852 rio,
219 810 274 845 seu
290 811 331 844 ab
349 821 392 844 eo
406 822 468 857 pro
483 822 635 858 tempore
655 810 826 858 deputatis
847 823 924 847 cum
937 821 1063 857 oppor-

128 867 212 893 tuna
226 858 481 906 specificatione
508 870 646 901 eorum,
675 859 736 906 qui
753 860 822 894 illas
842 871 908 896 tam
932 859 1061 900 ειὲὶινέ,

127 915 229 954 quum
253 906 376 953 paffive
395 906 570 948 fecerunt,
598 909 631 942 ὅ(
648 907 839 942 officiorum
864 907 960 953 super
983 906 1060 954 qui-

126 953 211 996 δας,
226 966 267 989 ac
282 955 502 1001 pecuniarum
523 966 584 1001 pro
607 957 749 1002 quibus,
778 957 810 990 δι
831 955 993 1000 temporis
1017 954 1061 987 de

126 1013 221 1050 quo,
239 1005 272 1038 ὅ(
289 1004 330 1037 ad
349 1004 446 1051 quod
467 1002 564 1038 fastae
586 1001 715 1038 fuerint
737 1002 820 1038 infra
850 1013 918 1038 tres
938 1001 1061 1036 menses

127 1051 148 1085 ὲ
163 1051 221 1085 die
239 1051 480 1097 publicationis
500 1050 715 1098 praesentium
726 1077 736 1091 ,
751 1051 856 1086 modo
872 1049 1062 1095 infrascrip-

127 1107 168 1134 to
192 1098 360 1134 faciendae
389 1099 644 1146 computandos
680 1099 848 1133 notificari
882 1099 1059 1138 volumus,

126 1147 161 1181 δι
184 1147 399 1186 mandamus,
432 1158 471 1181 ac
489 1147 547 1180 nisi
574 1158 613 1180 ut
639 1146 837 1193 praefertur,
870 1145 1060 1181 notificatae

123 1193 271 1236 fuerint,
300 1206 354 1228 eas
372 1194 485 1228 iisdem
511 1196 617 1229 tribus
639 1196 802 1229 mentibus
829 1194 944 1241 elapsis
966 1193 1058 1240 peni-

125 1252 203 1284 tus,
225 1243 258 1277 &
278 1242 418 1277 omnino
436 1242 597 1276 extinstas
615 1241 702 1283 else,
725 1254 788 1278 nec
809 1245 865 1290 jus
886 1253 951 1282 ¹aut
969 1241 1057 1276 aetio

123 1300 200 1325 nem
227 1290 371 1337 aliquam
398 1291 547 1324 trib-iere
565 1290 659 1336 polle
673 1316 683 1331 ,
709 1290 824 1337 sicque
840 1293 873 1326 ὅ(
894 1302 962 1324 non
982 1289 1059 1322 alias

123 1336 159 1372 iri
181 1337 351 1385 praemiffis
378 1339 560 1379 omnibus,
584 1339 617 1373 ὅ(
642 1338 778 1383 singulis
807 1352 866 1386 per
882 1337 1056 1385 quoscun-

123 1395 195 1434 que
212 1386 311 1420 etiam
341 1385 532 1420 Auditores
553 1382 735 1432 praefatos,
760 1398 800 1420 ae
830 1398 970 1421 carnerae
996 1387 1058 1419 hu-

123 1433 274 1480 jusmodi
295 1433 473 1474 Clericos,
500 1435 532 1468 in
557 1434 678 1481 quavis
703 1434 824 1476 causa,
852 1436 886 1468 ὅ(
905 1433 1058 1468 inflantia

123 1481 253 1516 sublata
279 1484 353 1528 ejus
368 1508 377 1522 ,
397 1483 430 1517 δι
446 1494 561 1518 eorum
579 1481 739 1521 cuilibet,
761 1483 880 1530 quavis
895 1482 989 1516 aliter
1005 1483 1056 1527 ju-

123 1528 286 1570 dicandi,
304 1531 338 1564 ὅ(
362 1530 604 1576 interpretandi
629 1530 837 1564 aufioritate
860 1532 893 1565 &
913 1528 1057 1564 faculta-

122 1587 160 1614 te
179 1577 347 1624 judicari,
367 1579 402 1613 dc
423 1577 555 1612 definiri
582 1577 709 1612 debere
737 1581 769 1614 &
795 1579 815 1611 ii
844 1578 936 1612 secus
960 1578 1057 1624 super

121 1623 210 1660 hisa
238 1637 418 1674 quoquam
435 1625 558 1673 quavis
584 1625 784 1662 auctoritate
813 1625 953 1660 scienter
969 1650 978 1665 ,
1004 1625 1057 1661 vel

119 1673 319 1756 ignoranter
343 1675 528 1720 contigerit
556 1674 735 1714 atientari,
761 1673 890 1707 irritum
907 1676 939 1709 &
962 1674 1058 1707 inane

149 1722 346 1756 ecernimus.
400 1722 483 1756 Non
511 1723 722 1756 obstantibus
752 1721 1057 1757 constitutionibus

120 1769 157 1804 ὃς
174 1769 448 1805 ordinationibus
475 1770 711 1816 Apollolicis,
739 1769 941 1817 caeterisque
973 1781 1056 1803 con-

120 1817 231 1853 trariis
246 1816 524 1864 quibuscunque.
564 1818 615 1853 Ut
636 1828 748 1851 autern
767 1817 946 1863 praesentes
966 1818 1055 1851 litte-

120 1876 169 1900 1ae
183 1864 226 1899 ad
244 1866 393 1900 omnium
405 1892 413 1906 ,
434 1876 581 1913 quorum
598 1866 730 1900 interest
750 1877 808 1900 aut
824 1866 976 1900 interesse
989 1877 1056 1911 po—

119 1913 223 1954 terit,
251 1913 518 1960 quomodolibet
540 1913 574 1946 in
594 1913 747 1947 futurum
772 1914 924 1949 notitiam
945 1914 1055 1948 dedu-

122 1971 262 2001 cantur,
284 1972 348 1995 nec
367 1962 457 1996 ullus
482 1962 514 1996 se
531 1960 690 1996 adversus
713 1973 766 1995 eas
791 1962 968 2003 excusare,
997 1972 1056 1996 aut

120 2008 343 2056 ignorantiam
371 2009 584 2055 praetendere
609 2009 720 2055 possit.
739 2009 910 2044 Volumus
927 2009 1055 2044 easdem

120 2057 251 2092 litteras
275 2056 308 2090 in
323 2057 431 2092 valuis
451 2057 660 2092 cancellariae
684 2057 918 2103 Apostolicae,
935 2059 968 2092 ὅ(
981 2057 1055 2093 acie

123 2105 244 2152 Campi
273 2105 388 2140 Florae
412 2116 472 2152 per
493 2106 628 2153 aliquos
654 2117 694 2140 ex
718 2105 910 2140 cursoribus
937 2105 1055 2140 nostris

124 2152 216 2200 legi,
242 2153 276 2187 ὅ(
296 2152 481 2199 publicari,
509 2164 549 2187 ac
565 2153 678 2200 affigi;
701 2153 881 2200 affixasque
899 2154 979 2188 inibi
996 2154 1054 2188 ali·

124 2212 200 2249 quo
222 2201 383 2248 temporis
405 2199 512 2247 spatio
530 2200 677 2242 dimitti,
705 2203 738 2235 &
757 2202 972 2248 postmodum
988 2202 1056 2237 tol-

124 2249 147 2284 li
165 2260 277 2284 earum
295 2250 450 2294 exemplo
479 2260 556 2283 cum
579 2249 734 2295 originali
759 2249 982 2285 collationato
1001 2250 1056 2284 lo-

125 2309 171 2333 co
191 2296 321 2331 illarum
344 2297 464 2337 affixo,
498 2298 531 2332 ὅ(
548 2296 691 2331 dimisso.
742 2296 840 2331 Nulli
872 2308 956 2343 ergo
981 2311 1054 2333 om-

124 2346 206 2381 nino
228 2345 400 2381 hominum
421 2346 522 2380 liceat
540 2345 626 2379 hanc
643 2345 796 2391 paginam
820 2345 921 2379 nostri
939 2345 1055 2380 decre-

124 2392 175 2435 ti,
194 2391 432 2428 declarationis
446 2419 456 2434 ,
483 2392 676 2435 sanetionis‚
695 2393 811 2427 statuti
830 2419 840 2434 ‚
868 2393 1055 2429 ordinatio-

124 2441 177 2478 nis
190 2467 201 2483 ,
220 2440 367 2476 mandati
390 2443 423 2477 ὃς
443 2441 629 2477 voluntatis
645 2440 846 2486 refringere,
872 2442 926 2476 vel
948 2442 978 2476 ei
996 2454 1056 2475 au-

123 2488 162 2525 su
187 2489 363 2526 temerario
390 2489 569 2525 contraire.
624 2489 660 2524 Si
680 2488 758 2535 quis
783 2500 896 2523 autem
919 2490 987 2524 lioc
1004 2500 1056 2524 at-s

123 2546 256 2573 tentare
276 2537 538 2585 praesumpserit,
554 2537 820 2584 indignationem
838 2538 1056 2584 omnipoten-

123 2585 170 2621 tis
189 2585 280 2625 Dei,
310 2587 343 2621 δι
369 2587 544 2621 beatorum
574 2585 666 2620 Petii
690 2586 724 2620 &
744 2584 834 2619 Pauli
861 2586 1055 2631 Apostolo-

123 2644 198 2669 rum
216 2637 311 2680 ejus‚
336 2634 368 2669 se
384 2634 517 2670 noverit
539 2633 760 2669 incursurum.
778 2631 908 2668 Datum
933 2633 1056 2669 Romae

123 2680 216 2728 apud
244 2681 384 2716 sanctum
408 2683 584 2724 Marcum,
606 2693 694 2718 anno
717 2680 963 2717 Incarnationis
979 2683 1058 2719 Do-

122 2729 257 2765 minicae
291 2730 466 2767 MD.LV.
497 2729 533 2764 N
538 2743 594 2765 on.
628 2729 790 2766 Ostobris
831 2728 1056 2766 Pontificatus

120 2777 225 2814 nostri
243 2789 332 2813 anno
355 2779 476 2826 primo.

251 2874 485 2928 ’ptus
531 2874 738 2910 PAPA
789 2872 861 2909 JV.

57 2991 104 3025 49
123 2976 229 3059 M
247 2971 324 3007 Otu
346 2971 487 3019 proprio
500 2996 510 3012 ,
532 2970 600 3006 dcc.
636 2970 726 3004 Cum
757 2968 842 3002 sicut
862 2967 1055 3014 accepimus

254 3019 327 3054 foel.
343 3032 410 3055 rec.
424 3019 548 3055 Paulus
562 3017 650 3064 Papa
662 3017 731 3052 lv.
746 3014 976 3051 Praedeceisor
994 3028 1054 3050 no·

120 3068 186 3102 fler
206 3068 308 3104 certis
328 3078 411 3103 tunc
428 3065 581 3116 expressis
601 3065 706 3100 causis
726 3074 857 3105 motuS,
870 3063 968 3111 quod
984 3064 1056 3097 nul-

120 3117 175 3155 lus
198 3126 263 3150 tam
284 3115 317 3149 in
338 3116 464 3156 Curia,
483 3126 584 3163 quarn
610 3113 644 3147 in
666 3123 740 3148 tota
757 3111 906 3147 diffitione
930 3112 1056 3146 Eccle-

120 3163 249 3198 siastica
262 3163 414 3208 officialis
439 3163 677 3210 cujuscunque
695 3162 819 3200 ssatus,
837 3159 981 3207 gradus,
1000 3172 1053 3195 or-

121 3211 229 3253 dinis,
247 3211 444 3258 dignitatis,
473 3209 703 3249 conditionis,
729 3210 762 3243 ὅ(
790 3208 1054 3253 praeeminentia:

123 3259 303 3301 existeret,
329 3270 414 3296 tunc
432 3261 465 3295 &
483 3271 546 3305 pro
571 3268 724 3302 tempore
744 3257 888 3301 aliquam
913 3254 1054 3290 sociem*

122 3319 192 3344 tem
213 3306 309 3354 super
326 3307 464 3355 aliquo,
489 3306 544 3340 seu
573 3305 744 3352 aliquibus
769 3303 890 3339 officiis
909 3303 951 3337 ad
971 3315 1053 3338 tunc

121 3355 233 3396 suam,
257 3355 314 3390 seu
337 3355 436 3391 Sedis
466 3366 524 3389 aut
556 3364 700 3388 camera:
732 3351 969 3398 Apostolicae,
997 3352 1053 3386 seu

86 3408 88 3411 ’
121 3403 315 3444 camerarii,
329 3403 420 3438 Vice
432 3401 621 3440 camerarii,
640 3399 884 3435 Poenitentiarii
905 3401 1050 3445 majoris,

122 3452 158 3487 δι
171 3451 341 3487 causarum
358 3451 475 3486 Palatii
500 3448 697 3497 Apostolici
714 3447 894 3484 Auditoris
919 3446 1054 3495 disposi⁴

121 3500 249 3535 tionem
266 3498 536 3548 quomodolibet
554 3497 798 3544 pertinentibus
810 3522 818 3534 .
841 3506 922 3543 quae
951 3496 1053 3530 vendi

123 3547 376 3583 consueverunt
399 3558 457 3594 per
485 3557 560 3580 eum
573 3571 583 3586 ,
602 3543 791 3579 obtinendo
811 3555 873 3590 pro
902 3552 1055 3590 ternpore

125 3605 203 3629 cum
231 3596 344 3643 aliqua
363 3595 425 3631 alia
450 3593 610 3641 persona,
631 3591 688 3626 seu
707 3591 854 3638 personis
881 3591 1052 3625 communi

124 3641 287 3688 Collegit>
298 3670 309 3685 ,
323 3643 381 3678 seu
398 3641 634 3680 universitate,
651 3640 707 3674 nifi
723 3638 930 3684 praecedenti
950 3639 1054 3685 signa-

122 3699 198 3727 tura
211 3691 254 3727 ab
277 3702 338 3736 eo,
361 3692 418 3728 seu
443 3691 602 3726 Romano
623 3687 794 3725 Pontifice
817 3699 879 3734 pro
901 3697 1055 3732 tempore

1944 213 2050 268 499

1120 285 1283 321 existente
1303 287 1418 320 obteri.
1437 287 1469 320 iii
1484 297 1551 334 qua
1568 286 1660 334 pasta
1673 287 1707 321 &
1720 284 1964 325 conventiones
1979 300 2051 337 par-

1123 333 1207 368 tium
1227 334 1365 380 exprimi
1388 335 1574 377 deberent3
1599 345 1661 380 pro
1685 335 1787 380 cujus
1808 329 2063 383 expeditione,‘

1122 382 1156 416 ὅ(
1171 391 1262 417 certa
1278 381 1497 418 adnotatione
1513 382 1659 416 medium
1677 392 1739 428 pro
1753 386 1947 420 centenario
1963 395 2051 432 quoe

1121 428 1202 464 libet
1222 428 1412 470 scutorum,
1434 430 1490 464 seu
1505 429 1710 465 ducatorum
1733 440 1919 477 cogeretur
1941 432 2062 471 solves,

1122 488 1157 510 re
1169 501 1177 513 ,
1194 477 1278 512 inire
1291 478 1509 524 praesumeret
1520 504 1531 517 ,
1547 478 1581 512 δε
1596 477 1774 513 societates
1786 478 1881 515 aliter
1895 491 1994 526 quam
2006 478 2051 515 lie

1121 523 1216 559 initae
1235 535 1304 560 non
1325 526 1496 566 valerent,
1519 526 1552 560 ὅ(
1572 535 1685 560 earum
1707 536 1877 571 praetextu
1899 527 1955 573 agi
1979 535 2050 562 non

1123 571 1234 618 posse,
1260 574 1295 607 ἀ
1320 572 1428 608 forsan
1448 573 1510 608 alia
1534 583 1619 608 tune
1642 572 1790 620 expressa
1807 574 1861 609 sua
1882 575 2050 610 constitu-

1121 619 1235 661 tione,
1252 632 1349 656 motu
1364 633 1502 669 proprio
1520 620 1575 656 sua
1589 622 1704 657 datum
1720 621 1843 657 Romae
1863 622 1954 668 apud
1977 622 2049 658 san-

1120 667 1208 701 stum
1248 668 1405 704 Marcum
1446 682 1534 705 anno
1564 669 1810 704 Incarnationis
1848 669 2050 707 Dominicae

1119 715 1294 751 millesimo
1337 717 1606 764 quingentefimo
1639 716 2048 766 quinquagesiiiioquinto

1119 775 1218 797 nonis
1241 764 1423 805 Ostobris‚
1459 764 1685 800 Pontificatus
1716 765 1766 800 sui
1789 778 1878 804 anno
1917 767 2045 813 primo,

1117 811 1271 849 statuerit
1284 813 1317 845 dc
1335 812 1543 848 ordinaverit
1557 839 1567 855 ‚
1589 821 1693 859 prout
1710 813 1744 847 in
1767 826 1805 848 ea
1822 814 1921 853 lat-ius
1935 815 2047 850 conti-

1118 868 1218 892 netur
1234 861 1266 895 &
1289 859 1444 895 habetur.
1982 896 1986 899 .

1167 905 1245 941 Nos
1260 908 1398 942 conside
1415 916 1526 951 antes,
1551 907 1635 944 sicut
1657 903 1751 943 fideli
1783 910 1946 946 relatione
1969 920 2047 959 per-

1117 954 1290 999 cepimus,
1308 956 1405 1002 quod
1429 969 1467 990 ex
1489 955 1683 1002 hujusmodi
1702 958 1947 994 constitutione
1963 961 2047 995 mula

1117 1010 1163 1035 tae
1181 1012 1221 1036 ac
1244 1002 1385 1040 diversae
1408 1015 1471 1039 tam
1493 1004 1616 1040 nostrae
1645 1005 1761 1047 urbis,
1782 1014 1882 1053 quani
1907 1007 2047 1043 ditionis

1117 1048 1360 1086 Ecclesiasticae
1383 1054 1416 1087 ὅ(
1435 1063 1525 1087 extra
1549 1064 1618 1087 eam
1649 1053 1801 1099 personae
1821 1066 1904 1102 quae
1933 1067 2045 1090 earum

1116 1098 1278 1142 pecunias
1307 1099 1340 1132 in
1368 1099 1589 1135 societatibus
1623 1100 1818 1136 officiorum
1849 1102 2046 1149 hujusmodi

1116 1146 1326 1180 coiiirastare
1349 1147 1458 1182 solitae
1485 1158 1579 1182 erant
1605 1160 1644 1183 ea
1667 1149 1914 1195 prohibitione,
1941 1151 1991 1187 uti
2007 1162 2044 1186 re

1114 1202 1205 1227 nova
1223 1194 1353 1230 territae
1377 1207 1488 1230 earum
1511 1194 1671 1238 societas,
1686 1198 1958 1243 quaejnnotabili
1975 1210 2043 1234 nu-

1115 1248 1229 1283 mero,
1251 1244 1283 1278 &
1300 1243 1426 1289 ingenti
1451 1244 1666 1290 pecuniarum
1691 1245 1814 1279 summa
1837 1247 2041 1288 existebant,

1114 1287 1219 1324 statim
1252 1291 1447 1327 didixeriint
1460 1317 1469 1330 ,
1488 1292 1522 1326 &
1545 1304 1752 1328 revocarunt
1765 1319 1775 1334 ,
1804 1294 1846 1328 ad
1864 1294 2044 1331 extraflio-

1114 1347 1261 1385 nemque
1282 1339 1498 1385 pecuniarum
1519 1339 1563 1374 sic
1585 1340 1618 1374 in
1643 1340 1862 1376 societatibus
1890 1344 2046 1378 datarum

1113 1397 1212 1432 agere
1225 1412 1234 1426 ‚
1251 1387 1284 1420 ἀ
1305 1387 1462 1421 officiales
1479 1399 1670 1435 eorumque
1697 1388 1910 1436 fidejussores
1937 1403 2046 1438 coge-

1114 1442 1149 1467 re
1168 1445 1349 1479 coeperunt
1365 1462 1374 1475 ,
1397 1437 1429 1469 &
1446 1446 1541 1469 enixe
1560 1435 1762 1472 institerunt.
1817 1439 1901 1482 Quo
1920 1438 2046 1473 fictum

1113 1481 1180 1522 est,
1215 1482 1376 1517 officiales
1411 1483 1468 1529 ipsi
1493 1485 1526 1518 ὅ(
1555 1496 1671 1520 eorum
1704 1485 1939 1532 fidejuitores,
1973 1499 2046 1522 tum

1115 1530 1212 1564 etiam
1253 1531 1299 1564 ob
1336 1532 1418 1565 mala
1453 1542 1626 1578 tempora,
1652 1545 1734 1580 quae
1766 1534 2045 1577 intervenerunt,

1115 1588 1300 1624 promptam
1324 1590 1393 1613 non
1422 1577 1602 1621 habarent,
1628 1593 1728 1629 quani
1754 1581 1968 1617 restituerent
1988 1594 2046 1630 pe-

1113 1625 1242 1660 cuniam
1256 1650 1266 1667 ‚
1290 1638 1355 1660 nec
1376 1627 1418 1661 ab
1439 1626 1509 1661 aliis
1530 1639 1672 1675 propter
1701 1629 1897 1676 hujusmodi
1922 1631 2046 1669 consti-

1115 1672 1257 1708 tutionis
1282 1673 1514 1710 difficultatem
1539 1679 1699 1722 pecunias
1728 1678 1759 1712 in
1780 1678 1973 1713 societatem
1995 1691 2046 1714 re-

1114 1721 1278 1768 perirent,
1301 1734 1418 1757 eorum
1444 1721 1574 1764 officia,
1595 1722 1652 1759 seu
1673 1726 1763 1760 bona
1783 1727 1846 1760 alia
1867 1727 1978 1765 viliori
1996 1737 2061 1766 et->

1113 1772 1174 1803 'iam
1196 1770 1306 1816 pretio
1325 1770 1472 1805 vendere
1490 1772 1523 1805 &
1538 1772 1700 1814 alienare,
1721 1773 1775 1807 vel
1787 1775 1948 1820 pecunias
1965 1775 2045 1811 alias

1113 1818 1173 1852 sub
1188 1817 1402 1863 gravioribus
1427 1818 1528 1853 etiam
1542 1819 1668 1855 illicitis
1692 1820 1797 1856 usuris
1823 1834 1967 1869 capere,
1990 1823 2044 1858 vel

1113 1865 1229 1912 potins
1253 1866 1347 1915 quod
1371 1866 1522 1912 pluribus
1547 1868 1717 1915 contingit
1736 1895 1745 1908 ,
1765 1869 1984 1919 decoquere,
2006 1873 2043 1907 δε

1111 1916 1154 1948 ab
1166 1915 1249 1948 iirbe
1265 1912 1440 1960 aufugere,
1458 1916 1491 1949 &
1503 1914 1547 1949 fic
1561 1917 1746 1952 creditores
1759 1917 1960 1953 defraudare
1972 1931 2044 1954 om-

1113 1963 1191 1996 nino
1210 1974 1435 2008 cogerentur,
1458 1963 1504 1998 ob
1521 1964 1616 2010 quod
1637 1965 1753 2012 gravia
1773 1966 1892 2002 damna
1906 1994 1915 2007 ,
1937 1969 1970 2002 ὅ(
1996 1968 2043 2002 in-

1113 2013 1296 2045 commoda
1321 2019 1387 2046 tam
1419 2010 1516 2053 urbi,
1545 2023 1647 2059 quam
1681 2013 1756 2059 ipsis
1786 2014 2043 2060 particularibus

1111 2058 1314 2093 officialibus
1329 2085 1336 2097 ,
1354 2060 1386 2092 ὅ(
1403 2057 1549 2105 personis
1567 2060 1657 2096 illata
1679 2060 1805 2098 fuerint
1817 2087 1826 2104 ‚
1844 2074 1926 2110 quae
1942 2064 2042 2100 etiam

1111 2105 1215 2140 hodie
1233 2106 1403 2141 sustinent.

1161 2154 1369 2206 Cupientes,
1391 2166 1557 2202 quantum
1574 2168 1651 2193 cum
1675 2155 1756 2194 Deo
1789 2154 1962 2205 possumus
1989 2156 2042 2195 his

1112 2202 1204 2252 inalis
1232 2204 1371 2237 obviare
1399 2216 1461 2250 pro
1481 2216 1633 2250 tempore
1656 2204 1794 2248 futuro,
1820 2218 1860 2242 ac
1882 2208 2043 2245 officiales

1110 2249 1220 2295 ipsos,
1246 2251 1280 2284 &
1305 2250 1389 2284 alios
1415 2252 1568 2287 interesse
1596 2264 1755 2300 putantes
1778 2255 1820 2288 ab
1846 2255 2041 2303 hujusmodi

1110 2298 1292 2343 gravibus,
1311 2299 1344 2332 ὃς
1369 2299 1532 2334 damnatis
1553 2301 1658 2336 usuris
1684 2301 1877 2338 condebitis
1894 2306 2043 2341 exafflo-

1110 2345 1209 2379 nibus
1224 2346 1365 2381 liberare
1377 2374 1386 2388 ,
1405 2346 1709 2394 supplicationibus
1735 2350 1934 2387 delictorum
1951 2353 2041 2390 filio-

1112 2404 1184 2427 rum
1204 2393 1416 2435 nostrorum,
1442 2395 1567 2442 Populi
1588 2396 1756 2440 Romani,
1771 2399 1805 2434 ὃς
1827 2401 2042 2438 conservato-

1113 2452 1184 2475 rum
1205 2441 1302 2477 almae
1320 2443 1412 2478 urbis
1437 2445 1561 2479 nollrae
1585 2445 1683 2492 super
1704 2447 1772 2481 hoc
1798 2448 1896 2483 nobis
1924 2461 2041 2495 porte*

1113 2489 1189 2528 etis,
1207 2489 1380 2533 inclinati,
1397 2491 1509 2539 eisque
1523 2492 1719 2531 inflantibus
1731 2520 1739 2536 ,
1756 2496 1790 2530 ὃς
1804 2505 1881 2530 cum
1904 2498 1953 2531 eis
1967 2511 2041 2534 mo*

1111 2549 1149 2572 re
1163 2537 1210 2584 pii
1224 2538 1326 2584 patris
1341 2540 1488 2586 benigne
1502 2551 1603 2587 agere
1623 2543 1788 2577 volentes.
1827 2543 1937 2580 Motu
1957 2545 2041 2582 fimi-

1112 2585 1133 2618 li
1154 2597 1194 2619 ex
1210 2597 1300 2620 certa
1323 2587 1433 2621 nostra
1456 2587 1589 2624 scientia
1601 2614 1612 2630 ,
1630 2601 1670 2624 ac
1686 2590 1729 2625 de
1747 2592 1962 2639 Apostolicae
1982 2606 2040 2630 aua

1113 2633 1275 2669 frontatis
1300 2635 1512 2680 plenitudine
1535 2637 1655 2671 dietam
1679 2639 1955 2677 constitutionem
1980 2650 2040 2689 pet·

1111 2681 1239 2716 dietum
1258 2681 1398 2716 Paulum
1414 2683 1481 2719 IV.
1502 2697 1538 2720 ut
1565 2686 1799 2731 praemittitur,
1825 2687 1940 2724 fastam
1962 2700 2040 2725 cum

1111 2729 1268 2764 omnibus
1283 2730 1315 2763 in
1334 2743 1370 2765 ea
1390 2732 1549 2778 appofitis
1564 2734 1736 2776 clausulis,
1755 2737 1857 2782 cujus
1872 2747 2038 2778 tenorem.

1109 2788 1151 2811 ac
1173 2777 1195 2811 si
1209 2779 1252 2812 de
1271 2779 1374 2829 verbo
1388 2779 1431 2814 ad
1444 2782 1588 2834 verbum
1604 2781 1818 2823 insereretur,
1833 2796 1894 2830 pro
1907 2785 2038 2831 expres-

1110 2826 1149 2859 fis
1171 2825 1284 2860 haberi
1306 2827 1482 2869 volumus,
1513 2828 1689 2873 cassamus,
1711 2830 1897 2873 irritamus,
1919 2832 1953 2867 δε
1979 2845 2038 2868 an-

1110 2873 1274 2908 nullamus
1284 2900 1293 2914 ,
1313 2887 1352 2909 ac
1368 2887 1430 2922 pro
1444 2875 1575 2912 cassatis
1585 2903 1594 2919 ,
1610 2878 1710 2913 irritis
1721 2906 1730 2921 ‚
1747 2880 1779 2913 δι
1791 2880 1968 2915 annullatis
1981 2883 2037 2916 ha·

1109 2921 1183 2973 beri
1209 2922 1385 2964 volumus,
1404 2924 1561 2972 illamque
1588 2925 1713 2962 viribus
1741 2937 1893 2974 tempore
1917 2927 2036 2965 futuro

1110 2979 1244 3016 penitus
1268 2981 1491 3014 evacuamus,
1518 2973 1688 3017 volentes,
1715 2976 1748 3009 ὃ(
1763 2975 1965 3011 austoritate
1979 2990 2040 3013 no·

1109 3018 1172 3052 stra
1183 3017 1403 3053 decernentes
1414 3046 1424 3061 ,
1436 3020 1533 3068 quod
1544 3021 1588 3055 de
1602 3033 1730 3058 caetero
1743 3023 1815 3070 ipsis
1826 3024 2038 3069 officialibus,

1108 3064 1206 3112 super
1223 3077 1331 3101 tamen
1349 3079 1465 3102 eorum
1485 3069 1605 3103 officiis
1616 3070 1794 3106 societates
1804 3071 2038 3120 quascunque,

1109 3125 1186 3148 cum
1199 3113 1301 3159 pastis
1311 3123 1420 3149 tamen
1434 3115 1534 3151 licitis
1543 3118 1575 3152 δι
1587 3118 1749 3160 honestis,
1762 3121 1910 3166 prout&
1922 3133 2040 3168 quein-

1109 3161 1294 3196 admodum
1319 3173 1396 3197 ante
1415 3164 1692 3200 constitutionem
1714 3166 1885 3214 praefaram
1903 3168 2040 3205 solitum

1111 3219 1200 3250 erat,
1221 3209 1318 3243 etiam
1334 3210 1422 3244 nulla
1437 3211 1456 3245 a
1471 3211 1567 3247 nobis
1579 3239 1588 3254 ,
1605 3213 1661 3248 seu
1677 3213 1779 3250 Rom.
1794 3215 1962 3250 Pontifice
1975 3229 2039 3263 pro

1110 3268 1263 3303 tempore
1285 3257 1462 3300 existente,
1486 3260 1628 3307 desuper
1653 3262 1809 3309 expedita
1824 3262 2040 3309 supplicatio-

1109 3317 1152 3339 ne
1164 3330 1174 3347 ,
1192 3305 1247 3338 seu
1267 3304 1456 3351 fignatura,
1484 3319 1552 3342 non
1568 3319 1676 3343 tamen
1702 3311 1788 3345 ultra
1804 3311 1949 3345 valorem
1965 3313 2039 3347 offi-

1110 3354 1261 3393 ciorum,
1283 3353 1379 3399 super
1412 3355 1539 3401 quibus
1570 3357 1642 3392 illas
1675 3357 1746 3391 fieri
1778 3357 1970 3406 contingit,
1991 3361 2040 3396 ita

1109 3400 1205 3448 quod
1223 3400 1263 3434 ad
1291 3402 1538 3449 requisitionem
1575 3404 1684 3439 secum
1706 3405 1885 3440 societates
1905 3417 2039 3444 contrai

1108 3448 1261 3483 lientium
1290 3460 1465 3485 teneantur
1488 3451 1521 3484 in
1541 3451 1613 3497 ipso
1644 3453 1818 3488 contrastu
1849 3453 2037 3500 specialiter

1111 3496 1294 3542 exprimere
1325 3496 1403 3530 alias
1431 3496 1609 3533 societates
1640 3498 1737 3546 super
1773 3500 1893 3537 eodem
1922 3499 2038 3539 officio

1109 3542 1317 3583 εοηιηᾶῑιε,
1343 3544 1364 3577 si
1385 3555 1466 3589 quae
1492 3545 1576 3587 sint,
1603 3547 1636 3581 δε
1663 3548 1685 3581 si
1709 3561 1763 3584 eas
1783 3543 1866 3584 falso
1890 3561 2037 3598 negavea

1108 3592 1174 3625 rint
1188 3613 1197 3629 ,
1215 3591 1267 3642 vel
1283 3591 1498 3642 exprellerint
1514 3593 1657 3637 inmte,
1682 3597 1734 3631 vel
1750 3597 1781 3631 in
1797 3606 1891 3643 parte
1903 3606 2038 3642 pet-nain

1109 3639 1309 3686 privationis
1333 3638 1521 3676 officiorum
1544 3641 1709 3690 ipsorum,
1732 3644 1828 3690 super
1850 3645 1974 3690 quibus
1990 3648 2040 3682 so·-

1109 3687 1249 3722 cietates
1269 3685 1464 3733 hujusmodi
1479 3691 1663 3726 contraklae
1684 3690 1828 3734 fuerint,
1845 3692 1910 3726 sine
1931 3704 2042 3730 tamen

1586 3736 1644 3773 Tt
1694 3751 1718 3781 4
1955 3754 2042 3790 prat·
